%% This BibTeX bibliography file was created using BibDesk.
%% http://bibdesk.sourceforge.net/


%% Created for Serena Ivaldi at 2014-09-30 21:15:33 +0200 


%% Saved with string encoding Unicode (UTF-8) 

@article{ Kamide2014PERNOD,
year={2014},
journal={International Journal of Social Robotics},
volume={6},
number={1},
title={Impressions of Humanoids: The Development of a Measure for Evaluating a Humanoid},
publisher={Springer Netherlands},
author={Kamide, Hiroko and Takubo, Tomohito and Ohara, Kenichi and Mae, Yasushi and Arai, Tatsuo},
pages={33-44}
}

@incollection{Anzalone2012profile,
year={2012},
booktitle={Simulation, Modeling, and Programming for Autonomous Robots},
volume={7628},
series={Lecture Notes in Computer Science},
editor={Noda, Itsuki and Ando, Noriaki and Brugali, Davide and Kuffner, JamesJ.},
title={Towards Partners Profiling in Human Robot Interaction Contexts},
publisher={Springer Berlin Heidelberg},
author={Anzalone, SalvatoreM. and Yoshikawa, Yuichiro and Ishiguro, Hiroshi and Menegatti, Emanuele and Pagello, Enrico and Sorbello, Rosario},
pages={4-15}
}

@article{ Chen2014NARStouch,
year={2014},
issn={1875-4791},
journal={International Journal of Social Robotics},
volume={6},
number={1},
title={An Investigation of Responses to Robot-Initiated Touch in a Nursing Context},
publisher={Springer Netherlands},
author={Chen, T.L. and King, C.-H.A. and Thomaz, A.L. and Kemp, C.C.},
pages={141-161}
}


@article{ Wu2014,
year={2014},
journal={Personality and Individual Differences},
volume={60},
pages={25-29},
title={The influence of personality on social attention},
author={Wu, D.W. and Bischof, W.F. and Anderson, N.C. and Jakobsen, T. and Kingstone, A.}
}

@article{ Berry2000,
year={2000},
journal={Personality and Social Psychology Bulletin},
volume={26},
number={3},
pages={278-292},
title={Personality, nonverbal behavior, and interaction quality in female dyads},
author={Berry, D.S. and Hansen, J.S.}
}


@article{Rauthmann2012,
year={2012},
journal={Journal of Research in Personality},
volume={46},
number={2},
pages={147-156},
title={Eyes as windows to the soul: Gazing behavior is related to personality},
author={Rauthmann, J.F. and Seubert, C.T. and Sachse, P. and Furtner, M.R.}
}

@article{ Poggi2012,
year={2012},
journal={Cognitive Processing},
volume={13},
number={2},
title={Social signals: a framework in terms of goals and beliefs},
publisher={Springer-Verlag},
author={Poggi, Isabella and D'Errico, Francesca},
pages={427-445}
}

@INPROCEEDINGS{Sanghvi2011, 
author={Sanghvi, J. and Castellano, G. and Leite, I. and Pereira, A. and McOwan, Peter W. and Paiva, A.}, 
booktitle={Human-Robot Interaction (HRI), 2011 6th ACM/IEEE International Conference on}, 
title={Automatic analysis of affective postures and body motion to detect engagement with a game companion}, 
year={2011}, 
pages={305-311}
}

@inproceedings{Zen2010,
title={Space speaks: towards socially and personality aware visual surveillance},
author={Zen, Gloria and Lepri, Bruno and Ricci, Elisa and Lanz, Oswald},
booktitle={Proceedings of the 1st ACM international workshop on Multimodal pervasive video analysis},
pages={37--42},
year={2010}
}

@inproceedings{Lepri2010,
title={Employing social gaze and speaking activity for automatic determination of the extraversion trait},
author={Lepri, B. and Subramanian, R. and Kalimeri, K. and Staiano, J. and Pianesi, F. and Sebe, N.},
booktitle={International Conference on Multimodal Interfaces and the Workshop on Machine Learning for Multimodal Interaction},
year={2010},
pages={1-7}
}

@article{ Wood2000,
title={Attitude Change: Persuasion and Social Influence},
author={Wood, W.},
journal={Annual Review of Psychology},
year={2000},
pages={539–570},
volume={51}
}

@ARTICLE{Lemaitre2013,
	AUTHOR = {Le Maitre, J. and Chetouani, M.},
	TITLE = {Self-talk Discrimination in Human-Robot Interaction Situations for Supporting Social Awareness},
	YEAR = {2013},
	PAGES = {277-289},
	JOURNAL = {International Journal of Social Robotics},
	VOLUME = {5},
	NUMBER = {2}
}

@article{ Ajzen1986,
year={1986},
journal={Journal of Experimental Social Psychology},
volume={22},
number={5},
title={Prediction of goal-directed behavior: Attitudes, intentions, and perceived behavioral control},
author={Icek Ajzen, Icek and Madden, Thomas J.},
pages={453–474}
}

@inproceedings{Sidner2006,
 author = {Sidner, Candace L. and Lee, Christopher and Morency, Louis-Philippe and Forlines, Clifton},
 title = {The Effect of Head-nod Recognition in Human-robot Conversation},
 booktitle = {Proc. 1st ACM SIGCHI/SIGART Conf. on Human-robot Interaction},
 year = {2006},
 pages = {290--296}
} 

@article{Saygin2012,
title="The thing that should not be: predictive coding and the uncanny valley in perceiving human and humanoid robot actions",
journal="Soc Cogn Affect Neurosci",
volume="7",
number="4",
pages="413-422",
year="2012",
author="Saygin, A.P and Chaminade, T. and Ishiguro, H. and Driver, J. and Frith, C."
}

@article{Gray2012,
title = "Feeling robots and human zombies: mind perception and the uncanny valley",
journal = "Cognition",
volume = "125",
number = "1",
pages = "125-130",
year = "2012",
author = "Gray, K. and Wegner, D.M."
}

@article{Mara2015,
title = "Science fiction reduces the eeriness of android robots: A field experiment ",
journal = "Computers in Human Behavior ",
volume = "48",
number = "1",
pages = "156 - 162",
year = "2015",
author = "Martina Mara and Markus Appel"
}

@INPROCEEDINGS{ICSR2015, 
author={Rahbar, F. and Anzalone, S.M. and Varni, G. and Zibetti, E. and Ivaldi, S. and Chetouani, M.}, 
booktitle={International Conference on Social Robotics}, 
title={Predicting extraversion from non-verbal features during a face-to-face human-robot interaction}, 
year={2015}, 
pages={1-10}}

@inproceedings{Iishi2011,
author={Iishi, R. and Shinohara, Y. and Nakano, T. and Nishida, T.},
booktitle={2nd Workshop on Eye Gaze in Intelligent Human Machine Interaction},
title={Combining multiple types of eye-gaze information to predict user's conversatinal engagement},
year={2011},
pages={1-8}
}

@INPROCEEDINGS{Castellano2012, 
author={Castellano, G. and Leite, I. and Pereira, A. and Martinho, C. and Paiva, A. and McOwan, P.W.}, 
booktitle={International Conference on Social Computing (SocialCom)}, 
title={Detecting Engagement in HRI: An Exploration of Social and Task-Based Context}, 
year={2012}, 
month={Sept}, 
pages={421-428}}

@inproceedings{Castellano2009,
 author = {Castellano, Ginevra and Pereira, Andr{\'e} and Leite, Iolanda and Paiva, Ana and McOwan, Peter W.},
 title = {Detecting User Engagement with a Robot Companion Using Task and Social Interaction-based Features},
 booktitle = {Proceedings of the 2009 International Conference on Multimodal Interfaces},
 year = {2009},
 pages = {119--126},
 numpages = {8}
} 

@article{Vinciarelli14,
  author    = {Alessandro Vinciarelli and Gelareh Mohammadi},
  title     = {A Survey of Personality Computing},
  journal   = {IEEE Transactions on  Affective Computing},
  volume    = {5},
  number    = {3},
  pages     = {273--291},
  year      = {2014}
}

@article{Tapus08,
author={Tapus, Adriana and \c{T}\v{a}pu\c{s}, Cristian and Matari\'{c}, Maja J.},
title={User-robot personality matching and assistive robot behavior adaptation for post-stroke rehabilitation therapy},
journal={Intelligent Service Robotics},
volume={1},
number={2},
publisher={Springer-Verlag},
year={2008},
pages={169-183}
}

@inproceedings{Tapus08b,
  author    = {Adriana Tapus and Maja J. Matari\'{c}},
  title     = {Socially Assistive Robots: The Link between Personality, Empathy,
               Physiological Signals, and Task Performance},
  booktitle = {AAAI Spring Symposium on Emotion, Personality, and Social Behavior},
  pages     = {133--140},
  year      = {2008}
}

@INPROCEEDINGS{Huang2011, 
author={Chien-Ming Huang and Thomaz, A.L.}, 
booktitle={IEEE RO-MAN}, 
title={Effects of responding to, initiating and ensuring joint attention in human-robot interaction}, 
year={2011}, 
pages={65-71}}

@article{LaFrance2004,
author = { Betty H.   La France    and  Alan D.   Heisel  and  Michael J.   Beatty },
title = {Is there empirical evidence for a nonverbal profile of extraversion?: a meta-analysis and critique of the literature},
journal = {Communication Monographs},
volume = {71},
number = {1},
pages = {28-48},
year = {2004}
}

@ARTICLE{UncannyRAM2012, 
author={Mori, M. and MacDorman, K.F. and Kageki, N.}, 
journal={Robotics Automation Magazine, IEEE}, 
title={The Uncanny Valley [From the Field]}, 
year={2012}, 
month={June}, 
volume={19}, 
number={2}, 
pages={98-100}}

@article{Iizuka1992,
author = { Iizuka Y. },
title = {Extraversion, introversion, and visual interaction},
journal = {Percept Mot Skills},
volume = {74},
number = {1},
pages = {43-50},
year = {1992}
}


@article{NARSfrench,
author={Dinet, J. and Vivian, R.},
title={Perception and attitudes towards anthropomorphic robots in France: Validation of an assessment scale},
journal={Psychologie francaise},
volume={60},
number={1},
pages={173–189},
year={2015}}

@ARTICLE{Ivaldi2014tamd, 
author={Ivaldi, S. and Sao Mai Nguyen and Lyubova, N. and Droniou, A. and Padois, V. and Filliat, D. and Oudeyer, P.-Y. and Sigaud, O.}, 
journal={IEEE Transactions on Autonomous Mental Development}, 
title={Object Learning Through Active Exploration}, 
year={2014}, 
month={March}, 
volume={6}, 
number={1}, 
pages={56-72}}

@article{Nomura2008,
	Author = {Nomura, T. and Kanda, T. and Suzuki, T. and Kato, K.},
	Journal = {IEEE Transactions on Robotics},
	Number = {2},
	Pages = {442-451},
	Title = {Prediction of Human Behavior in Human--Robot Interaction Using Psychological Scales for Anxiety and Negative Attitudes Toward Robots},
	Volume = {24},
	Year = {2008}}
	
@article{IIzuka1992,
	Author = {Iizuka, Y.},
	Date-Added = {2014-09-22 00:28:08 +0000},
	Date-Modified = {2014-09-22 00:29:00 +0000},
	Journal = {Percept Mot Skills},
	Number = {1},
	Pages = {43-50},
	Title = {Extraversion, introversion, and visual interaction.},
	Volume = {74},
	Year = {1992}}

@inbook{Scherer1981,
	Author = {Scherer, K.R. and Scherer, U.},
	Chapter = {Speech behavior and personality},
	Publisher = {Grune and Stratton},
	Title = {Speech evaluation in psychiatry},
	Year = {1981}}

@inbook{Eysenck1981,
	Author = {Eysenck, H. J.},
	Chapter = {General features of the model},
	Publisher = {ew York: Springer-Verlag},
	Title = {A model for personality},
	Year = {1981},
	Pages = {1-37}
}


@article{cite-key,
	Date-Added = {2014-09-22 00:11:52 +0000},
	Date-Modified = {2014-09-22 00:11:52 +0000}}

@article{CowLog2009,
	Author = {Hanninen, L. and Pastell, M.},
	Date-Added = {2014-09-18 14:44:16 +0000},
	Date-Modified = {2014-09-18 14:46:02 +0000},
	Journal = {Behavior Research Methods},
	Number = {2},
	Pages = {472-476},
	Title = {CowLog: Open-source software for coding behaviors from digital video},
	Volume = {41},
	Year = {2009}}

@article{BIGFIVE,
	Author = {Goldberg, L.R.},
	Date-Added = {2014-09-18 14:39:16 +0000},
	Date-Modified = {2014-09-18 14:41:32 +0000},
	Journal = {Journal of Personality and Social Psychology},
	Pages = {1216-1229},
	Title = {An alternative description of personality: the big-five factor structure},
	Volume = {59},
	Year = {1990}}

@book{Goffman1967,
	Author = {Goffman, E.},
	Publisher = {New York Doubleday, Anchor Books},
	Title = {Interaction ritual: essays on face-to-face behavior},
	Year = {1967}}
	


@inbook{ Argyle1976,
Author={Argyle, M.},
Publisher={Oxford: Blackwell},
Title={Personality and social behaviour},
Booktitle={Personality},
Year={1976}
}

	
	
@book{Beatty2001,
Author={Beatty, M.J. and McCroskey, J.C. and Valencic, K.M.},
Publisher={Hampton Pr.},
Title={The biology of communication: A communibiological perspective.},
Year={2001}
}
  
	
@book{NEOPIR1998,
	Author = {Costa, P.T. and McCrae, R.R. and Rolland, J.P.},
	Publisher = {Editions du Centre de Psychologie Appliqu{\'e}e, Paris},
	Title = {NEO-PI--R. Inventaire de Personnalit{\'e} r{\'e}vis{\'e}},
	Year = {1998}}
	
@book{NEOPIR1992,
Author = {Costa, P.T. and McCrae, R.R.},
Publisher={Odessa, FL: Psychological Assessment Resources},
Title={Revised NEO Personality Inventory (NEO-PI-R) and NEO Five-Factor Inventory (NEO-FFI) professional manual},
 Year={1992} }

@inproceedings{Takayama2009proxemics,
	Author = {Takayama, L. and Pantofaru, C.},
	Booktitle = {Proc. IEEE-RAS Int. Conf. on Intelligent Robots and Systems},
	Date-Modified = {2014-09-30 00:04:10 +0000},
	Journal = {Intelligent Robots and Systems (IROS)},
	Title = {Influences on Proxemic Behaviors in Human-Robot Interaction},
	Year = {2009}}

@inproceedings{Aly2013personality,
	Author = {Aly, Amir and Tapus, Adriana},
	Booktitle = {Proc. ACM/IEEE Int. Conf. on Human-robot Interaction},
	Pages = {325--332},
	Title = {A Model for Synthesizing a Combined Verbal and Nonverbal Behavior Based on Personality Traits in Human-robot Interaction},
	Year = {2013}}

@inproceedings{Dang2014personality,
	Author = {Dang, T.-H.H. and Tapus, A.},
	Booktitle = {Proc. IEEE Int. Symp. on Robot and Human Interactive Communication (RO-MAN)},
	Title = {Towards Personality-based Assistance in Human-Machine Interaction},
	Year = {2014}}

@inbook{icub2013,
	Author = {Natale, L. and Nori, F. and Metta, G. and Fumagalli, M. and Ivaldi, S. and Pattacini, U. and Randazzo, M. and Schmitz, A. and G. Sandini, G.},
	Booktitle = {Intrinsically motivated learning in natural and artificial systems - Ed. Baldassarre, G.and Mirolli, M.},
	Publisher = {Springer-Verlag},
	Title = {The iCub platform: a tool for studying intrinsically motivated learning},
	Year = {2013}}

@article{idyn2012,
	Author = {Fumagalli, M. and Ivaldi, S. and Randazzo, M. and Natale, L. and Metta, G. and Sandini, G. and Nori, F.},
	Journal = {Autonomous Robots},
	Number = {4},
	Pages = {381-398},
	Title = {Force feedback exploiting tactile and proximal force/torque sensing. Theory and implementation on the humanoid robot iCub.},
	Year = {2012}}

@article{NARS2006,
	Author = {Nomura, T. and Kanda, T. and Suzuki, T.},
	Journal = {AI $\&$ SOCIETY},
	Number = {2},
	Pages = {138-150},
	Publisher = {Springer-Verlag},
	Title = {Experimental investigation into influence of negative attitudes toward robots on human-robot interaction},
	Volume = {20},
	Year = {2006}}

@article{ivaldi2014frontiers,
	Author = {Ivaldi, S. and Anzalone, S.M. and Rousseau, W. and Sigaud, O. and Chetouani, M.},
	Date-Modified = {2014-09-30 19:15:33 +0000},
	Journal = {Frontiers in Neurorobotics},
	Number = {5},
	Title = {Robot initiative in a team learning task increases the rhythm of interaction but not the perceived engagement},
	Volume = {8},
	Year = {2014}}

@article{Ba2009,
	Author = {Ba, S.O. and Odobez, J.-M.},
	Journal = {Systems, Man, and Cybernetics, Part B: Cybernetics, IEEE Transactions on},
	Month = {Feb},
	Number = {1},
	Pages = {16-33},
	Title = {Recognizing Visual Focus of Attention From Head Pose in Natural Meetings},
	Volume = {39},
	Year = {2009}}

@article{mohammadi2012automatic,
	Author = {Mohammadi, G. and Vinciarelli, A.},
	Journal = {IEEE Transactions on Affective Computing},
	Number = {3},
	Pages = {273--284},
	Publisher = {IEEE},
	Title = {Automatic Personality Perception: Prediction of Trait Attribution Based on Prosodic Features},
	Volume = {3},
	Year = {2012}}

@inproceedings{Nomura2006nars,
Author = {Nomura, T. and Kanda, T. and Suzuki, T. and Kato, K.},
Year={2006},
Title={Exploratory Investigation into Influence of Negative Attitudes toward Robots on Human-Robot Interaction},
Booktitle={Mobile Robots: towards New Applications,  Aleksandar Lazinica (Ed.)}
}
	
@article{sidner2005,
	Author = {Sidner, C. and Lee, C. and Kidd, C. and Lesh, N.},
	Journal = {Artificial Intelligence},
	Title = {Explorations in Engagement for Humans and Robots},
	Year = {2005},
	Number={166},
	Volume={1},
	Pages={140-164}}
	
@inproceedings{sidner2004,
	Author = {Sidner, C. and Kidd, C. and Lee, C. and Lesh, N.},
	Booktitle = {Proc. 9th Int. Conf. Intelligent User Interfaces},
	Title = {Where to look: a study of human-robot engagement},
	Pages = {78-84},
	Year = {2004}
	}

@inproceedings{rich2010recognizing,
	Author = {Rich, Charles and Ponsler, Brett and Holroyd, Aaron and Sidner, Candace L},
	Booktitle = {Proc. ACM/IEEE Int. Conf. Human-Robot Interaction (HRI)},
	Pages = {375--382},
	Title = {Recognizing engagement in human-robot interaction},
	Year = {2010}}

@inproceedings{Rousseau2013,
	Author = {Rousseau, W. and Anzalone, S. M. and Chetouani, M. and Sigaud, O. and Ivaldi, S.},
	Booktitle = {Int. Conf. on Intelligents Robots and Systems - Workshop on Developmental Social Robotics},
	Title = {Learning object names through shared attention},
	Year = {2013}}

@inproceedings{Wilcox2012,
	Author = {Wilcox, R. and Nikolaidis, S. and Shah, J. A.},
	Booktitle = {Robotics: Science and Systems},
	Title = {Optimization of temporal dynamics for adaptive human-robot interaction in assembly manufacturing},
	Year = {2012}}

@inproceedings{Stefanov2009,
	Author = {Stefanov, N. and Peer, A. and Buss, M.},
	Booktitle = {3rd Joint EuroHaptics Conf. and World Haptics},
	Pages = {51-56},
	Title = {Role determination in human-human interaction},
	Year = {2009}}

@conference{Skantze2013,
	Author = {Skantze, G. and Hjalmarsson, A. and Oertel, C.},
	Booktitle = {Proc. 14th Annual Meeting of Special Interest Group on Doscourse and Dialogue - SIGDial},
	Pages = {375-383},
	Title = {Exploring the effects of gaze and pauses in situated human-robot interaction},
	Year = {2013}}

@article{Boucenna2014,
	Author = {Boucenna, S. and Anzalone, S. and Tilmont, E. and Cohen, D and Chetouani, M.},
	Journal = {IEEE Transactions on Autonomous Mental Development},
	Number = {3},
	Pages = {213-225},
	Title = {Learning of social signatures through imitation game between a robot and a human partner},
	Volume = {6},
	Year = {2014}}
	
@article{ Anzalone2015engagement,
year={2015},
journal={International Journal of Social Robotics},
title={Evaluating the Engagement with Social Robots},
publisher={Springer Netherlands},
author={Anzalone, Salvatore M. and Boucenna, Sofiane and Ivaldi, Serena and Chetouani, Mohamed},
pages={1-14}
}

@inproceedings{yamazaki2008precision,
	Author = {Yamazaki, Akiko and Yamazaki, Keiichi and Kuno, Yoshinori and Burdelski, Matthew and Kawashima, Michie and Kuzuoka, Hideaki},
	Booktitle = {Proceedings of the SIGCHI Conference on Human Factors in Computing Systems},
	Pages = {131--140},
	Title = {Precision timing in human-robot interaction: coordination of head movement and utterance},
	Year = {2008}}

@inproceedings{Steinfeld2006,
	Acmid = {1121249},
	Author = {Steinfeld, Aaron and Fong, Terrence and Kaber, David and Lewis, Michael and Scholtz, Jean and Schultz, Alan and Goodrich, Michael},
	Booktitle = {ACM SIGCHI/SIGART Conference on Human-robot Interaction},
	Isbn = {1-59593-294-1},
	Location = {Salt Lake City, Utah, USA},
	Numpages = {8},
	Pages = {33--40},
	Title = {Common Metrics for Human-robot Interaction},
	Year = {2006}}

@incollection{Ball00,
    author = {Ball, Gene and Breese, Jack},
    booktitle = {Affective Interactions},

    editor = {Paiva, Ana},
    pages = {196--203},
    publisher = {Springer Berlin / Heidelberg},
    series = {Lecture Notes in Computer Science},
    title = {{Relating Personality and Behavior: Posture and Gestures}},
    volume = {1814},
    year = {2000}
}



@article{Riggio86,
    author = {R. Riggio and H.Friedman},
    title = {Impression formation: The role of expressive behavior.},
    journal = {Journal of Personality and Social Psychology},
    volume={50},
    number={2},
    year = {1986},
    pages = {421--427}
}


@article{Dewaele00,
  title={Personality and speech production: a pilot study of second language learners},
  author={Dewaele, Jean-Marc and Furnham, Adrian},
  journal={Personality and Individual Differences},
  volume={28},
  number={2},
  pages={355--365},
  year={2000},
  publisher={Elsevier}
}



@incollection{Furnham90, 
author ={A. Furnham} , 
title = { Language and personality},
editor ={ K. R. Scherer and H. Giles and W. Robinson }, 
booktitle = {Handbook of
Language and Social Psychology}, 
publisher = {Winley},
year = 1990 }


@inproceedings{Pianesi08,
 author = {Pianesi, Fabio and Mana, Nadia and Cappelletti, Alessandro and Lepri, Bruno and Zancanaro, Massimo},
 title = {Multimodal Recognition of Personality Traits in Social Interactions},
 booktitle = {Proceedings of the 10th International Conference on Multimodal Interfaces},
 series = {ICMI '08},
 year = {2008},
 pages = {53--60},
 publisher = {ACM}
} 
