%% This BibTeX bibliography file was created using BibDesk.
%% http://bibdesk.sourceforge.net/


%% Created for Serena Ivaldi at 2014-09-18 16:47:00 +0200 


%% Saved with string encoding Unicode (UTF-8) 



@article{CowLog2009,
	Author = {Hanninen, L. and Pastell, M.},
	Date-Added = {2014-09-18 14:44:16 +0000},
	Date-Modified = {2014-09-18 14:46:02 +0000},
	Journal = {Behavior Research Methods},
	Number = {2},
	Pages = {472-476},
	Title = {CowLog: Open-source software for coding behaviors from digital video},
	Volume = {41},
	Year = {2009}}

@article{BIGFIVE,
	Author = {Goldberg, L.R.},
	Date-Added = {2014-09-18 14:39:16 +0000},
	Date-Modified = {2014-09-18 14:41:32 +0000},
	Journal = {Journal of Personality and Social Psychology},
	Pages = {1216-1229},
	Title = {An alternative description of personality: the big-five factor structure},
	Volume = {59},
	Year = {1990}}

@book{NEOPIR1998,
	Author = {Costa, P.T. and McCrae, R.R. and Rolland, J.P. },
	Date-Added = {2014-09-18 14:35:20 +0000},
	Date-Modified = {2014-09-18 14:47:00 +0000},
	Publisher = {Editions du Centre de Psychologie Appliqu{\'e}e, Paris.},
	Title = {NEO-PI--R. Inventaire de Personnalit{\'e} r{\'e}vis{\'e}.},
	Year = {1998}}


@inbook{icub2013,
  author =		 "Natale, L. and  Nori, F. and  Metta, G. and  Fumagalli, M. and  Ivaldi, S. and  Pattacini, U. and  Randazzo, M. and  Schmitz, A. and  G. Sandini, G. ",
  year =		 "2013",
  title =		 "The iCub platform: a tool for studying intrinsically motivated learning.",
  booktitle =		 "Intrinsically motivated learning in natural and artificial systems - Ed. Baldassarre, G.and Mirolli, M.",
  publisher =		 “Springer-Verlag"
}

@article{idyn2012,
  author =		 "Fumagalli, M. and  Ivaldi, S. and  Randazzo, M. and  Natale, L. and  Metta, G. and  Sandini, G. and  Nori, F. ",
  year =		 "2012",
  title =		 "Force feedback exploiting tactile and proximal force/torque sensing. Theory and implementation on the humanoid robot iCub.",
  Journal =		 "Autonomous Robots",
   number =		 "4",
  pages =		 "381-398"
}

@article{ NARS2006,
year={2006},
journal={AI $\&$ SOCIETY},
volume={20},
number={2},
title={Experimental investigation into influence of negative attitudes toward robots on human-robot interaction},
publisher={Springer-Verlag},
author={Nomura, T. and Kanda, T. and Suzuki, T.},
pages={138-150}
}

@article{ivaldi2014frontiers,
  author =		 "Ivaldi, S. and  Anzalone, S.M. and  Rousseau, W. and  Sigaud, O. and  Chetouani, M.",
  year =		 "2014",
  title =		 "Robot initiative in a team learning task increases the rhythm of interaction but not the perceived engagement",
  booktitle =		 "Frontiers in Neurorobotics",
  volume = “8”,
  number =		 "5"
}

@ARTICLE{Ba2009, 
author={Ba, S.O. and Odobez, J.-M.}, 
journal={Systems, Man, and Cybernetics, Part B: Cybernetics, IEEE Transactions on}, 
title={Recognizing Visual Focus of Attention From Head Pose in Natural Meetings}, 
year={2009}, 
month={Feb}, 
volume={39}, 
number={1}, 
pages={16-33}}


@article{mohammadi2012automatic,
  title={Automatic Personality Perception: Prediction of Trait Attribution Based on Prosodic Features},
  author={Mohammadi, G. and Vinciarelli, A.},
  journal={IEEE Transactions on Affective Computing},
  volume={3},
  number={3},
  pages={273--284},
  year={2012},
  publisher={IEEE}
}

@INPROCEEDINGS{sidner2004,
author = {Sidner, C. and Lee, C. and Kidd, C. and Lesh, N.},
  title = {Explorations in Engagement for Humans and Robots},
  booktitle = {IEEE RAS/RSJ International Conference on Humanoid Robots},
  year = {2004}
}

@INPROCEEDINGS{rich2010recognizing,
  author = {Rich, Charles and Ponsler, Brett and Holroyd, Aaron and Sidner, Candace
	L},
  title = {Recognizing engagement in human-robot interaction},
  booktitle = {Proc. ACM/IEEE Int. Conf. Human-Robot Interaction (HRI)},
  year = {2010},
  pages = {375--382}
}

@INPROCEEDINGS{Rousseau2013,
  author = {Rousseau, W. and Anzalone, S. M. and Chetouani, M. and Sigaud, O.
	and Ivaldi, S.},
  title = {Learning object names through shared attention},
  booktitle = {Int. Conf. on Intelligents Robots and Systems - Workshop on Developmental
	Social Robotics },
  year = {2013}
}

@INPROCEEDINGS{Wilcox2012,
  author = {Wilcox, R. and Nikolaidis, S. and Shah, J. A.},
  title = {Optimization of temporal dynamics for adaptive human-robot interaction
	in assembly manufacturing},
  booktitle = {Robotics: Science and Systems},
  year = {2012}
}

@INPROCEEDINGS{Stefanov2009,
  author = {Stefanov, N. and Peer, A. and Buss, M.},
  title = {Role determination in human-human interaction},
  booktitle = {3rd Joint EuroHaptics Conf. and World Haptics},
  year = {2009},
  pages = {51-56}
}

@CONFERENCE{Skantze2013,
  author = {Skantze, G. and Hjalmarsson, A. and Oertel, C.},
  title = {Exploring the effects of gaze and pauses in situated human-robot
	interaction},
  booktitle = {Proc. 14th Annual Meeting of Special Interest Group on Doscourse
	and Dialogue - SIGDial},
  year = {2013},
  pages = {375-383}
}

@ARTICLE{Boucenna2014,
	CATEGORY = {ACLI},
	AUTHOR = {Boucenna, S and Anzalone, S., Tilmont, E., Cohen, D and Chetouani, M.},
	TITLE = {Learning of social signatures through imitation game between a robot and a human partner},
	YEAR = {2014},
  	volume={6},
  	number={3},
	PAGES = {213-225},
	JOURNAL = {IEEE Transactions on Autonomous Mental Development},
}

@INPROCEEDINGS{yamazaki2008precision,
  author = {Yamazaki, Akiko and Yamazaki, Keiichi and Kuno, Yoshinori and Burdelski,
	Matthew and Kawashima, Michie and Kuzuoka, Hideaki},
  title = {Precision timing in human-robot interaction: coordination of head
	movement and utterance},
  booktitle = {Proceedings of the SIGCHI Conference on Human Factors in Computing
	Systems},
  year = {2008},
  pages = {131--140}
}

@INPROCEEDINGS{Steinfeld2006,
  author = {Steinfeld, Aaron and Fong, Terrence and Kaber, David and Lewis, Michael
	and Scholtz, Jean and Schultz, Alan and Goodrich, Michael},
  title = {Common Metrics for Human-robot Interaction},
  booktitle = {ACM SIGCHI/SIGART Conference on Human-robot Interaction},
  year = {2006},
  pages = {33--40},
  acmid = {1121249},
  isbn = {1-59593-294-1},
  location = {Salt Lake City, Utah, USA},
  numpages = {8}
}

