% This file was created with JabRef 2.9.2.
% Encoding: GBK
@Misc{Xenomai,
url={www.xenomai.org}
}

@Misc{orocos,
  author        = {Soetens, P.},
  title         = {{RTT}: {R}eal-{T}ime {T}oolkit},
  howpublished  = {\url{http://www.orocos.org/rtt}},
}

@INPROCEEDINGS{Mistry10,
  author = {Mistry, M. and Buchli, J. and Schaal, S.},
  title = {inverse dynamics control of floating base systems using orthogonal
 decomposition},
  booktitle = {robotics and automation (icra), 2010 ieee international conference
	on},
  year = {2010},
  pages = {3406-3412},
  isbn/issn = {1050-4729},
}

@INPROCEEDINGS{Righetti11,
  author = {Righetti, L. and Mistry, M. and Buchli, j. and Schaal, S.},
  title = {inverse dynamics control of floating-base robots with external contraints:
	an unified view},
  booktitle = {2011 ieee international conference on robotics and automation (icra)},
  year = {2011},
  crossref = {p10448},
  key = {inverse control, floating base, constraints, projection-based control},
  url = {http://www-clmc.usc.edu/publications/R/righetti-ICRA2011.pdf}
}

@INPROCEEDINGS{Abe07,
  author = {Abe, Yeuhi and da Silva, Marco and Popovi\'{c}, Jovan},
  title = {Multiobjective control with frictional contacts},
  booktitle = {Proceedings of the ACM SIGGRAPH/Eurographics symposium on Computer
	animation},
  year = {2007},
  pages = {249--258},
  isbn = {978-1-59593-624-0},
  location = {San Diego, California}
}

@ARTICLE{Aghili05,
  author = {Farhad Aghili},
  title = {A unified approach for inverse and direct dynamics of constrained
	multibody systems based on linear projection operator: applications
	to control and simulation},
  journal = {Robotics, IEEE Transactions on},
  year = {2005},
  volume = {21},
  pages = {834-849},
  number = {5},
  doi = {10.1109/TRO.2005.851380},
  issn = {1552-3098}
}

@article{Albu07,
  title={A unified passivity-based control framework for position, torque and impedance control of flexible joint robots},
  author={Albu-Sch{\"a}ffer, Alin and Ott, Christian and Hirzinger, Gerd},
  journal={The International Journal of Robotics Research},
  volume={26},
  number={1},
  pages={23--39},
  year={2007},
  publisher={SAGE Publications}
}

@ARTICLE{Antonelli09,
  author = {Antonelli, G.},
  title = {Stability Analysis for Prioritized Closed-Loop Inverse Kinematic
	Algorithms for Redundant Robotic Systems},
  journal = {Robotics, IEEE Transactions on},
  year = {2009},
  volume = {25},
  pages = {985-994},
  number = {5},
  doi = {10.1109/TRO.2009.2017135},
  issn = {1552-3098},
  keywords = {Lyapunov methods;asymptotic stability;closed loop systems;control
	system synthesis;position control;redundant manipulators;Lyapunov-based
	stability analysis;asymptotic stability;manipulator position control
	design;multirobot coordination control;prioritized closed-loop inverse
	kinematic algorithm;quadruped coordination control;redundant robotic
	system;visual servoing;Inverse kinematics;redundant robots}
}

@INPROCEEDINGS{Baerlocher98,
  author = {Baerlocher, P. and Boulic, R.},
  title = {Task-priority formulations for the kinematic control of highly redundant
	articulated structures},
  booktitle = {Intelligent Robots and Systems, 1998. Proceedings., 1998 IEEE/RSJ
	International Conference on},
  year = {1998},
  volume = {1},
  pages = {323-329 vol.1},
  doi = {10.1109/IROS.1998.724639}
}

@ARTICLE{Bohn95,
  author = {Bohn, C and Atherton, DP},
  title = {An analysis package comparing PID anti-windup strategies},
  journal = {Control Systems, IEEE},
  year = {1995},
  volume = {15},
  pages = {34-40},
  number = {2},
  publisher = {IEEE}
}


@TECHREPORT{Boulic94,
  author = {Ronan Boulic and Ramon Mas and Daniel Thalmann},
  title = {Inverse Kinetics for Center of Mass Position Control and Posture
	Optimization},
  institution = {Workshop in Computing Series},
  year = {1994}
}

@INPROCEEDINGS{Bouyarmane11b,
author={Bouyarmane, K. and Kheddar, A.},
booktitle={11th IEEE-RAS International Conference on Humanoid Robots},
title={FEM-based static posture planning for a humanoid robot on deformable contact support},
year={2011},
month={Oct},
pages={487-492},
ISSN={2164-0572},}

@INPROCEEDINGS{Bouyarmane11,
  author = {Bouyarmane, K. and Kheddar, A.},
  title = {Using a multi-objective controller to synthesize simulated humanoid
	robot motion with changing contact configurations},
  booktitle = {Intelligent Robots and Systems (IROS), 2011 IEEE/RSJ International
	Conference on},
  year = {2011},
  pages = {4414-4419},
  doi = {10.1109/IROS.2011.6094483},
  issn = {2153-0858},
  keywords = {finite state machines;humanoid robots;motion control;acyclic multicontact
	locomotion;changing contact configuration;contact configuration transition;finite
	state machine;multiobjective controller;nonreal-time constraint-based
	dynamic simulation;simulated humanoid robot motion;static postures;Collision
	avoidance;Humanoid robots;Joints;Legged locomotion;TV;Vectors}
}

@INPROCEEDINGS{Bouyarmane10,
  author = {Bouyarmane, K. and Kheddar, A.},
  booktitle = {Humanoid Robots (Humanoids), 2010 10th IEEE-RAS International Conference
	on},
  year = {2010},
  pages = {8-13},
  month = {dec.}
}

@ARTICLE{Bouyarmane12,
  author = {Bouyarmane, Karim and Kheddar, Abderrahmane and others},
  title = {On the Dynamics Modeling of Free-Floating-Base Articulated Mechanisms
	and Applications to Humanoid Whole-Body Dynamics and Control},
  journal = {International Journal of Humanoid Robotics},
  year = {2012},
  pages = {036--042}
}

@ARTICLE{Bretl08,
author={Bretl, T. and Lall, S.},
journal={IEEE Transactions on Robotics}, 
title={Testing Static Equilibrium for Legged Robots},
volume={24},
number={4},
pages={794-807},
month={aug. },
year={2008},
ISSN={1552-3098},}

@inproceedings{Buchli10,
  title={Variable Impedance Control-A Reinforcement Learning Approach.},
  author={Buchli, Jonas and Theodorou, Evangelos and Stulp, Freek and Schaal, Stefan},
  booktitle={Robotics: Science and Systems},
  year={2010},
}

@ARTICLE{Calinon07,
  author = {Calinon, Sylvain and Guenter, Florent and Billard, Aude},
  title = {On learning, representing, and generalizing a task in a humanoid
	robot},
  journal = {Systems, Man, and Cybernetics, Part B: Cybernetics, IEEE Transactions
	on},
  year = {2007},
  volume = {37},
  pages = {286--298},
  number = {2},
  publisher = {IEEE}
}

@ARTICLE{Callennec06,
  author = {Beno\^{i}t Le Callennec and Ronan Boulic},
  title = {Interactive motion deformation with prioritized constraints},
  journal = {Graphical Models},
  year = {2006},
  volume = {68},
  pages = {175-193},
  number = {2},
  issn = {1524-0703}
}

@BOOK{Camacho04,
  title = {Model predictive control},
  publisher = {Springer London},
  year = {2004},
  author = {Camacho, Eduardo F and Bordons, Carlos and Camacho, Eduardo F and
	Bordons, Carlos},
  volume = {2}
}

@ARTICLE{Casadi12,
  author = {Joel Andersson and Johan ï¿½kesson and Moritz Diehl},
  title = {CasADi - A symbolic package for automatic differentiation and optimal control},
  journal = {Recent Advances in Algorithmic Differentiation},
  year = {2012}
}



@INPROCEEDINGS{Chang99,
  author = {Chang, Kyong-Sok and Khatib, Oussama},
  title = {Efficient algorithm for extended operational space inertia matrix},
  booktitle = {IEEE/RSJ International Conference on Intelligent Robots and Systems},
  year = {1999},
  volume = {1},
  pages = {350-355},
  organization = {IEEE}
}

@ARTICLE{chiacchio91,
  author = {Chiacchio, Pasquale and Chiaverini, Stefano and Sciavicco, Lorenzo
	and Siciliano, Bruno},
  title = {Closed-loop inverse kinematics schemes for constrained redundant
	manipulators with task space augmentation and task priority strategy},
  journal = {The International Journal of Robotics Research},
  year = {1991},
  volume = {10},
  pages = {410--425},
  number = {4},
  publisher = {Sage Publications}
}

@ARTICLE{Chiaverini97,
  author = {Chiaverini, S.},
  title = {Singularity-robust task-priority redundancy resolution for real-time
	kinematic control of robot manipulators},
  journal = {Robotics and Automation, IEEE Transactions on},
  year = {1997},
  volume = {13},
  pages = {398-410},
  number = {3},
  doi = {10.1109/70.585902},
  issn = {1042-296X},
  keywords = {Jacobian matrices;least squares approximations;manipulator kinematics;redundancy;singular
	value decomposition;algorithmic singularities;kinematic control algorithm;kinematic
	singularities;kinematically redundant arms;real-time kinematic control;robot
	manipulators;seven-degree-of-freedom manipulator;singularity-robust
	task-priority redundancy resolution;Arm;Jacobian matrices;Kinematics;Manipulators;Minimization
	methods;Null space;Robot control;Service robots;Torque measurement}
}

@INPROCEEDINGS{Colgate89,
  author = {E. Colgate and N. Hogan},
  title = {The interaction of robots with passive environments: Application
	to force feedback control},
  booktitle = {Fourth International Conference on Advanced Robotics},
  year = {1989}
}

@INPROCEEDINGS{Collette08,
  author = {Collette, C. and Micaelli, A. and Andriot, C. and Lemerle, P.},
  title = {Robust balance optimization control of humanoid robots with multiple
	non coplanar grasps and frictional contacts},
  booktitle = {IEEE International Conference on Robotics and Automation (ICRA)},
  year = {2008},
  pages = {3187-3193},
  issn = {1050-4729}
}

@INPROCEEDINGS{Collette07,
  author = {Collette, C. and Micaelli, A. and Andriot, C. and Lemerle, P.},
  title = {Dynamic balance control of humanoids for multiple grasps and non
	coplanar frictional contacts},
  booktitle = {7th IEEE-RAS International Conference on Humanoid Robots},
  year = {2007},
  pages = {81-88}
}

@ARTICLE{Coros10,
  author = {Coros, Stelian and Beaudoin, Philippe and van de Panne, Michiel},
  title = {Generalized biped walking control},
  journal = {ACM Trans. Graph.},
  year = {2010},
  volume = {29},
  pages = {130:1--130:9},
  month = {July},
  issn = {0730-0301},
  issue = {4}
}

@ARTICLE{De_Luca91,
  author = {De Luca, A. andOriolo, G.},
  title = {Issues in acceleration resolution of robot redundancy},
  journal = {3rd IFAC Symposium on Robot Control},
  year = {1991},
  pages = {665-670},
  month = { }
}

@INCOLLECTION{Demircan08,
  author = {Demircan, Emel and Sentis, Luis and Sapio, Vincent and Khatib, Oussama},
  title = {Human Motion Reconstruction by Direct Control of Marker Trajectories},
  booktitle = {Advances in Robot Kinematics: Analysis and Design},
  publisher = {Springer Netherlands},
  year = {2008},
  pages = {263-272},
  isbn = {978-1-4020-8600-7},
  keyword = {Engineering}
}

@INPROCEEDINGS{Dietrich11,
  author = {Dietrich, Alexander and Wimbock, Thomas and Albu-Schaffer, Alin},
  title = {Dynamic whole-body mobile manipulation with a torque controlled humanoid	robot via impedance control laws},
  booktitle = {Intelligent Robots and Systems (IROS), 2011 IEEE/RSJ International
	Conference on},
  year = {2011},
  pages = {3199-3206},
  month = {sept.},
  doi = {10.1109/IROS.2011.6094445},
  issn = {2153-0858}
}

@INPROCEEDINGS{Dietrich12,
author={Dietrich, A. and Albu-Schaffer, A. and Hirzinger, G.},
booktitle={Robotics and Automation (ICRA), 2012 IEEE International Conference on},
title={On continuous null space projections for torque-based, hierarchical, multi-objective manipulation},
year={2012},
month={May},
pages={2978-2985},
doi={10.1109/ICRA.2012.6224571},
ISSN={1050-4729},}

@techreport{Escande14bis,
    url = {http://hal.archives-ouvertes.fr/hal-00970816},
    title = {Hierarchical Quadratic Programming: Companion report},
    author = {Escande, Adrien and Mansard, Nicolas and Wieber, Pierre-Brice},
}
		
@article{Escande14,
  title={Hierarchical quadratic programming: Fast online humanoid-robot motion generation},
  author={Escande, Adrien and Mansard, Nicolas and Wieber, Pierre-Brice},
  journal={The International Journal of Robotics Research},
  pages={0278364914521306},
  year={2014},
  publisher={SAGE Publications}
}

@INPROCEEDINGS{Escande10,
  author = {Escande, A. and Mansard, N. and Wieber, P.-B.},
  title = {Fast resolution of hierarchized inverse kinematics with inequality
	constraints},
  booktitle = {IEEE International Conference on Robotics and Automation (ICRA)},
  year = {2010},
  pages = {3733-3738},
  month = {may},
  issn = {1050-4729}
}

@INPROCEEDINGS{Faverjon87,
  author = {Faverjon, B. and Tournassoud, P.},
  title = {A local based approach for path planning of manipulators with a high
	number of degrees of freedom},
  booktitle = {Robotics and Automation. Proceedings. 1987 IEEE International Conference
	on},
  year = {1987},
  volume = {4},
  pages = {1152-1159},
  doi = {10.1109/ROBOT.1987.1087982},
  keywords = {Joining processes;Law;Legal factors;Manipulators;Minimization methods;Motion
	planning;Orbital robotics;Path planning;Robots;Wrist}
}

@INPROCEEDINGS{Flacco12,
  author = {Flacco, F. and De Luca, A. and Khatib, O.},
  title = {Prioritized multi-task motion control of redundant robots under hard
	joint constraints},
  booktitle = {Intelligent Robots and Systems (IROS), 2012 IEEE/RSJ International
	Conference on},
  year = {2012},
  pages = {3970-3977},
  doi = {10.1109/IROS.2012.6385619},
  issn = {2153-0858},
  keywords = {Jacobian matrices;acceleration control;motion control;redundant manipulators;torque
	control;velocity control;7-DOF lightweight KUKA LWR IV robot;Jacobian
	method;SNS;acceleration;hard joint constraint;multiple prioritized
	tasks;multitask least possible scaling strategy;multitask motion
	control;redundant robot;saturation in the null space algorithm;torque;velocity;Acceleration;Jacobian
	matrices;Joints;Motion control;Null space;Robots;Vectors}
}

@INPROCEEDINGS{Flacco12bis,
  author = {Flacco, F. and De Luca, A. and Khatib, O.},
  title = {Motion control of redundant robots under joint constraints: Saturation
	in the Null Space},
  booktitle = {Robotics and Automation (ICRA), 2012 IEEE International Conference
	on},
  year = {2012},
  pages = {285-292},
  doi = {10.1109/ICRA.2012.6225376},
  issn = {1050-4729},
  keywords = {collision avoidance;iterative methods;manipulator kinematics;motion
	control;redundant manipulators;Cartesian space;SNS;acceleration level;dof;inverse
	differential kinematics problem;iterative algorithm;joint constraint;joint
	space motion;lightweight KUKA LWR IV robot;motion control;obstacle
	avoidance;optimal task scaling;redundant manipulator;redundant robot;saturation
	in the null space;task trajectory;velocity level;Acceleration;Collision
	avoidance;Jacobian matrices;Joints;Null space;Robots;Standards}
}

@INPROCEEDINGS{Jarquin13,
author={Jarquin, Gerardo and Escande, Adrien and Arechavaleta, Gustavo and Moulard, Thomas and Yoshida, Eiichi and Parra-Vega, Vicente},
booktitle={13th IEEE-RAS International Conference on Humanoid Robots},
title={Real-time smooth task transitions for hierarchical inverse kinematics},
year={2013},
month={Oct},
pages={528-533},
keywords={Computational efficiency;Humanoid robots;Joints;Kinematics;Null space;Real-time systems},
doi={10.1109/HUMANOIDS.2013.7030024},
ISSN={2164-0572},}

@INPROCEEDINGS{Ganesh10,
  author = {Ganesh, G. and Albu-Schaffer, A. and Haruno, M. and Kawato, M. and
	Burdet, E.},
  title = {Biomimetic motor behavior for simultaneous adaptation of force, impedance
	and trajectory in interaction tasks},
  booktitle = {Robotics and Automation (ICRA), 2010 IEEE International Conference
	on},
  year = {2010},
  pages = {2705 -2711},
  month = {may},
  doi = {10.1109/ROBOT.2010.5509994},
  issn = {1050-4729},
  keywords = {automatic motor behavior;biomimetic motor behavior;force;impedance;interaction
	tasks;one degree-of-freedom system;postural control task;simultaneous
	adaptation;stiffness;trajectory;trajectory tracking task;adaptive
	control;biomimetics;intelligent robots;mechanical variables control;}
}

@ARTICLE{Hanus87,
  author = {Hanus, Raymond and Kinnaert, Michel and Henrotte, J-L},
  title = {Conditioning technique, a general anti-windup and bumpless transfer
	method},
  journal = {Automatica},
  year = {1987},
  volume = {23},
  pages = {729-739},
  number = {6},
  publisher = {Elsevier}
}

@INPROCEEDINGS{Harada06,
  author = {Harada, K. and Hauser, K. and Bretl, T. and Latombe, J.-C.},
  title = {Natural Motion Generation for Humanoid Robots},
  booktitle = {IEEE/RSJ International Conference on Intelligent Robots and Systems
	(IROS)},
  year = {2006},
  pages = {833-839},
  month = {oct.}
}

@INPROCEEDINGS{Harada04,
  author = {Harada, K. and Hirukawa, H. and Kanehiro, F. and Fujiwara, K. and
	Kaneko, K. and Kajita, S. and Nakamura, M.},
  title = {Dynamical balance of a humanoid robot grasping an environment},
  booktitle = {Intelligent Robots and Systems, 2004. (IROS 2004). Proceedings. 2004
	IEEE/RSJ International Conference on},
  year = {2004},
  volume = {2},
  pages = {1167-1173},
  month = {sept.-oct.},
  doi = {10.1109/IROS.2004.1389554},
  keywords = { dynamical balance; grasping force; humanoid robot grasping; linear
	programming; humanoid robots; linear programming; mobile robots;
	robot dynamics; stability;}
}

@INPROCEEDINGS{Hogan84,
  author = {Hogan, Neville},
  title = {Impedance Control: An Approach to Manipulation},
  booktitle = {American Control Conference},
  year = {1984},
  pages = {304-313},
  month = {june}
}

@article{Hogan85,
  title={Impedance control: An approach to manipulation - Part I: Theory; Part II: Implementation; Part III: Applications},
  author={Hogan, Neville},
  journal={Journal of dynamic systems, measurement, and control},
  volume={107},
  number={1},
  pages={1--24},
  year={1985},
  publisher={American Society of Mechanical Engineers}
}

@INPROCEEDINGS{Howard11,
  author = {Howard, M. and Braun, D.J. and Vijayakumar, S.},
  title = {Constraint-based equilibrium and stiffness control of variable stiffness
	actuators},
  booktitle = {Robotics and Automation (ICRA), 2011 IEEE International Conference
	on},
  year = {2011},
  pages = {5554 -5560},
  month = {may},
  doi = {10.1109/ICRA.2011.5979776},
  issn = {1050-4729},
  keywords = {biomorphic design;compliant human behaviour;constraint-based equilibrium;equilibrium
	position;forming constraint;mechanical design;online teleoperation;optimal
	control;tracking stiffness;unified control methodology;variable passive
	stiffness actuator;actuators;elastic constants;forming processes;mechanical
	variables control;tracking;}
}

@ARTICLE{Hsu89,
  author = {Hsu, Ping and Mauser, John and Sastry, Shankar},
  title = {Dynamic control of redundant manipulators},
  journal = {Journal of Robotic Systems},
  year = {1989},
  volume = {6},
  pages = {133--148},
  number = {2},
  doi = {10.1002/rob.4620060203},
  issn = {1097-4563},
  publisher = {Wiley Subscription Services, Inc., A Wiley Company},
  url = {http://dx.doi.org/10.1002/rob.4620060203}
}

@ARTICLE{Huang13,
  author = {Huang, Han-Pang and Yan, Jiu-Lou and Cheng, Teng-Hu},
  title = {State-incremental optimal control of 3D COG pattern generation for
	humanoid robots},
  journal = {Advanced Robotics},
  year = {2013},
  volume = {27},
  pages = {175-188},
  number = {3},
  publisher = {Taylor \& Francis}
}

@INPROCEEDINGS{Ivaldi10,
  author = {Ivaldi, Serena and Fumagalli, Matteo and Nori, Francesco and Baglietto,
	Marco and Metta, Giorgio and Sandini, Giulio},
  title = {Approximate optimal control for reaching and trajectory planning
	in a humanoid robot},
  booktitle = {Intelligent Robots and Systems (IROS), 2010 IEEE/RSJ International
	Conference on},
  year = {2010},
  pages = {1290--1296},
  organization = {IEEE}
}

@INPROCEEDINGS{Jain09bis,
  author = {Jain, Sumit and Liu, C. Karen},
  title = {Interactive synthesis of human-object interaction},
  booktitle = {Proceedings of the 2009 ACM SIGGRAPH/Eurographics Symposium on Computer
	Animation},
  year = {2009},
  series = {SCA '09},
  pages = {47--53},
  isbn = {978-1-60558-610-6},
  numpages = {7}
}

@ARTICLE{jain09,
  author = {Sumit Jain and Yuting Ye and C. Karen Liu},
  title = {Optimization-Based Interactive Motion Synthesis},
  journal = {ACM Transaction on Graphics},
  year = {2009},
  volume = {28},
  pages = {1--10},
  number = {1}
}

@INPROCEEDINGS{Kajita91,
  author = {Kajita, S. and Tani, K.},
  title = {Study of dynamic biped locomotion on rugged terrain-derivation and
	application of the linear inverted pendulum mode},
  booktitle = {Robotics and Automation, 1991. Proceedings., 1991 IEEE International
	Conference on},
  year = {1991},
  pages = {1405 -1411 vol.2},
  month = {apr},
  doi = {10.1109/ROBOT.1991.131811},
  keywords = {angular velocity;ankle torque;dynamic biped locomotion;dynamics;linear
	inverted pendulum mode;mobile robots;rugged terrain;dynamics;mobile
	robots;position control;}
}

@INPROCEEDINGS{Kajita03,
author={Kajita, S. and Kanehiro, F. and Kaneko, K. and Fujiwara, K. and Harada, K. and Yokoi, K. and Hirukawa, H.},
booktitle={Intelligent Robots and Systems, 2003. (IROS 2003). Proceedings. 2003 IEEE/RSJ International Conference on},
title={Resolved momentum control: humanoid motion planning based on the linear and angular momentum},
year={2003},
month={Oct},
volume={2},
pages={1644-1650 vol.2},
}

@ARTICLE{Kanoun11bis,
  author = {Kanoun, O. and Lamiraux, F. and Wieber, P.-B.},
  title = {Kinematic Control of Redundant Manipulators: Generalizing the Task-Priority
	Framework to Inequality Task},
  journal = {IEEE Transactions on Robotics},
  year = {2011},
  volume = {27},
  pages = {785-792},
  number = {4},
  month = {aug. },
  issn = {1552-3098}
}

@INPROCEEDINGS{Kanoun09,
  author = {Kanoun, Oussama and Lamiraux, Florent and Wieber, Pierre-Brice and
	Kanehiro, Fumio and Yoshida, Eiichi and Laumond, Jean-Paul},
  title = {Prioritizing linear equality and inequality systems: Application
	to local motion planning for redundant robots},
  booktitle = {IEEE International Conference on Robotics and Automation (2009)},
  year = {2009},
  pages = {2939-2944},
  month = {may},
  issn = {1050-4729}
}

@INPROCEEDINGS{Keith11,
  author = {Keith, F. and Wieber, P.-B.and Mansard, N. and Kheddar, A.},
  title = {Analysis of the discontinuities in prioritized tasks-space control
	under discreet task scheduling operations},
  booktitle = {IEEE/RSJ International Conference on Intelligent Robots and Systems
	(IROS)},
  year = {2011},
  pages = {3887-3892},
  doi = {10.1109/IROS.2011.6094706},
  issn = {2153-0858},
  keywords = {discrete systems;motion control;robots;discreet task scheduling operation;on-the-fly
	priority switching;stack-of-task control;tasks-space control;Damping;Jacobian
	matrices;Minimization;Null space;Robots;Silicon;Smoothing methods}
}

@InProceedings{kerrigan2000,
    author = {Kerrigan E. C. and Maciejowski J. M.}, 
    title = {Soft Constraints and Exact Penalty Functions in Model Predictive Control}, 
    address = {Cambridge, UK}, 
    booktitle = {Proceedings og the UKACC International Conference}, 
    month = {September}, 
    year = {2000}
}

@ARTICLE{khatib95,
  author = {Khatib, Oussama},
  title = {Inertial properties in robotic manipulation: An object-level framework},
  journal = {The International Journal of Robotics Research},
  year = {1995},
  volume = {14},
  pages = {19-36},
  number = {1},
  publisher = {Sage Publications}
}

@ARTICLE{khatib87,
  author = {Khatib, Oussama},
  title = {A unified approach for motion and force control of robot manipulators:	The operational space formulation},
  journal = {Robotics and Automation, IEEE Journal of},
  year = {1987},
  volume = {3},
  pages = {43--53},
  number = {1},
  publisher = {IEEE}
}

@ARTICLE{khatib86,
  author = {Khatib, Oussama},
  title = {Real-time obstacle avoidance for manipulators and mobile robots},
  journal = {The international journal of robotics research},
  year = {1986},
  volume = {5},
  pages = {90--98},
  number = {1},
  publisher = {Sage Publications}
}

@ARTICLE{Khatib04,
  author = {Oussama Khatib and Luis Sentis and Jaeheung Park and James Warren},
  title = {Whole-Body Dynamic Behavior and Control of Human-like Robots},
  journal = {International Journal of Humanoid Robotics},
  year = {2004},
  volume = {1},
  pages = {29-43},
  number = {1}
}

@INCOLLECTION{Khatib08,
  author = {Khatib, Oussama and Sentis, Luis and Park, Jae-Heung},
  title = {A Unified Framework for Whole-Body Humanoid Robot Control with Multiple
	Constraints and Contacts},
  booktitle = {European Robotics Symposium 2008},
  publisher = {Springer Berlin / Heidelberg},
  year = {2008},
  volume = {44},
  series = {Springer Tracts in Advanced Robotics},
  pages = {303-312},
  affiliation = {Stanford University Computer Science Department Stanford California
	94305 USA},
  isbn = {978-3-540-78315-2}
}

@INPROCEEDINGS{Komura04,
  author = {Komura, Taku and Leung, Howard and Kuffner, James},
  title = {Animating reactive motions for biped locomotion},
  booktitle = {Proceedings of the ACM symposium on Virtual reality software and
	technology},
  year = {2004},
  series = {VRST '04},
  pages = {32--40},
  address = {New York, NY, USA},
  publisher = {ACM},
  acmid = {1077542},
  doi = {10.1145/1077534.1077542},
  isbn = {1-58113-907-1},
  keywords = {interactive 3D graphics, inverse kinematics, motion control},
  location = {Hong Kong},
  numpages = {9},
  url = {http://doi.acm.org/10.1145/1077534.1077542}
}

@ARTICLE{Kruger08,
  author = {J. Kr\"{u}ger and D. Surdilovic},
  title = {Robust control of force-coupled human-robot-interaction in assembly
	processes},
  journal = {CIRP Annals - Manufacturing Technology},
  year = {2008},
  volume = {57},
  pages = {41-44},
  number = {1},
  issn = {0007-8506}
}

@INPROCEEDINGS{Kulic08,
  author = {Kulic, Dana and Lee, Dongheui and Ott, Christian and Nakamura, Yoshihiko},
  title = {Incremental learning of full body motion primitives for humanoid
	robots},
  booktitle = {Humanoid Robots, 2008. Humanoids 2008. 8th IEEE-RAS International
	Conference on},
  year = {2008},
  pages = {326--332},
  organization = {IEEE}
}

@ARTICLE{Kurniawati12,
  author = {Kurniawati, Hanna and Bandyopadhyay, Tirthankar and Patrikalakis,
	Nicholas M},
  title = {Global motion planning under uncertain motion, sensing, and environment
	map},
  journal = {Autonomous Robots},
  year = {2012},
  volume = {33},
  pages = {255--272},
  number = {3},
  publisher = {Springer}
}

@ARTICLE{Lee10,
  author = {Lee, Dongheui and Ott, Christian and Nakamura, Yoshihiko},
  title = {Mimetic Communication Model with Compliant Physical Contact in Human-Humanoid
	Interaction},
  journal = {The International Journal of Robotics Research},
  year = {2010},
  volume = {29},
  pages = {1684-1704},
  number = {13}
}

@INPROCEEDINGS{Lee02,
  author = {Lee, Jehee and Chai, Jinxiang and Reitsma, Paul S. A. and Hodgins,
	Jessica K. and Pollard, Nancy S.},
  title = {Interactive control of avatars animated with human motion data},
  booktitle = {Proceedings of the 29th annual conference on Computer graphics and
	interactive techniques},
  year = {2002},
  series = {SIGGRAPH '02},
  pages = {491--500},
  isbn = {1-58113-521-1},
  location = {San Antonio, Texas},
  numpages = {10}
}

@ARTICLE{Lee12,
  author = {Jaemin Lee and Mansard, N. and Jaeheung Park},
  title = {Intermediate Desired Value Approach for Task Transition of Robots
	in Kinematic Control},
  journal = {Robotics, IEEE Transactions on},
  year = {2012},
  volume = {28},
  pages = {1260-1277},
  number = {6},
  doi = {10.1109/TRO.2012.2210293},
  issn = {1552-3098},
  keywords = {collision avoidance;robot kinematics;arbitrary task sets;continuous
	transition;intermediate desired value approach;joint-limit avoidance
	behavior;kinematic control;robot configuration;stable transition;task
	schedule;task transition;task-based control;time-driven transition;Humanoid
	robots;Intelligent robots;Robot kinematics;Visual servoing;Hierarchy
	of tasks;humanoid robot;inverse kinematics;task sequencing;task-based
	control}
}

@INPROCEEDINGS{Li06,
  author = {Li, Weiwei and Todorov, Emanuel},
  title = {An iterative optimal control and estimation design for nonlinear
	stochastic system},
  booktitle = {Decision and Control, 2006 45th IEEE Conference on},
  year = {2006},
  pages = {3242--3247},
  organization = {IEEE}
}

@ARTICLE{Liegeois77,
  author = {A. Li\'{e}geois},
  title = {Automatic Supervisory Control of the Configuration and Behavior of
	Multibody Mechanisms},
  journal = {IEEE Transactions on Systems, Man and Cybernetics},
  year = {1977},
  volume = {7},
  pages = {868-871},
  number = {12},
  month = {dec. },
  issn = {0018-9472}
}


  
@unpublished{Liu14,
    hal_id = {hal-01068404},
    url = {http://hal.archives-ouvertes.fr/hal-01068404},
    title = {{Generalized Hierarchical Control}},
    author = {Liu, Mingxing and Tan, Yang and Padois, Vincent},
    affiliation = {Institut des Syst{\`e}mes Intelligents et de Robotique - ISIR},
    year = {2014},
    month = {Jun},
		pdf = {http://hal.archives-ouvertes.fr/hal-01068404/PDF/GHC.pdf},
}

@phdthesis{Liu12b,
    hal_id = {tel-00825375},
    url = {http://tel.archives-ouvertes.fr/tel-00825375},
    title = {{Personnage virtuel : contr{\^o}leur hybride couplant commande dynamique multi-objectifs et mouvements captur{\'e}s}},
    author = {Liu, Mingxing},
    affiliation = {CEA, List},
    school = {Universit{\'e} Pierre et Marie Curie - Paris VI},
    type = {Ph.D. thesis},
    year = {2012},
    month = Sep,
    pdf = {http://tel.archives-ouvertes.fr/tel-00825375/PDF/Liu\_thesis\_2012.pdf},
}


@ARTICLE{Liu12, 
author={Liu, Mingxing and Micaelli, A. and Evrard, P. and Escande, A. and Andriot, C.}, 
journal={IEEE Transactions on Robotics}, 
title={Interactive Virtual Humans: A Two-Level Prioritized Control Framework With Wrench Bounds}, 
year={2012}, 
volume={28}, 
number={6}, 
pages={1309-1322}, 
keywords={avatars;control engineering computing;interactive systems;motion control;optimisation;physics computing;interactive virtual humans;joint torques;motion capture techniques;motion-tracking task;multiobjective control;optimal task wrenches;optimization problem;physics-based virtual environment;two-level prioritized control framework;wrench bounds;Human-robot interaction;Motion control;Optimization;Potential energy;Virtual reality;Humanï¿½Crobot interaction;motion control;task priority;virtual reality}, 
doi={10.1109/TRO.2012.2208829}, 
ISSN={1552-3098},}

@INPROCEEDINGS{Liu11,
  author = {Liu, Mingxing and Micaelli, A. and Evrard, P. and Escande, A.
	and Andriot, Claude},
  title = {Interactive dynamics and balance of a virtual character during manipulation tasks},
  booktitle = {IEEE International Conference on Robotics and Automation},
  year = {2011},
  pages = {1676-1682},
  month = {may},
  issn = {1050-4729}
}

@INPROCEEDINGS{Love95, 
author={Love, L.J. and Book, W.J.}, 
booktitle={IEEE International Conference on Robotics and Automation}, 
title={Environment estimation for enhanced impedance control}, 
year={1995}, 
month={May}, 
volume={2}, 
pages={1854-1859 vol.2}, 
doi={10.1109/ROBOT.1995.525537}, 
ISSN={1050-4729},}

@ARTICLE{DeMagistris13,
  author = {Giovanni De Magistris and Alain Micaelli and Paul Evrard and Claude
	Andriot and Jonathan Savin and Clarisse Gaudez and Jacques Marsot},
  title = {Dynamic control of \{DHM\} for ergonomic assessments },
  journal = {International Journal of Industrial Ergonomics },
  year = {2013},
  volume = {43},
  pages = {170 - 180},
  number = {2},
  doi = {10.1016/j.ergon.2013.01.003},
  issn = {0169-8141},
  keywords = {Digital human model},
  url = {http://www.sciencedirect.com/science/article/pii/S0169814113000048}
}

@INPROCEEDINGS{Mansard08,
  author = {Mansard, N. and Khatib, O.},
  title = {Continuous control law from unilateral constraints},
  booktitle = {Robotics and Automation, 2008. ICRA 2008. IEEE International Conference
	on},
  year = {2008},
  pages = {3359-3364},
  doi = {10.1109/ROBOT.2008.4543723},
  issn = {1050-4729},
  keywords = {collision avoidance;continuous systems;mobile robots;robot vision;visual
	servoing;continuous control law;hierarchy-based control;joint limit;operational
	space;reactive obstacle avoidance;robots;unilateral constraint;unilateral-based
	task;visual servoing;Automatic control;Humanoid robots;Kinematics;Orbital
	robotics;Robot control;Robot sensing systems;Robotics and automation;Robust
	control;Torque control;USA Councils}
}

@ARTICLE{Mansard09,
  author = {Mansard, N. and Khatib, O. and Kheddar, A.},
  title = {A Unified Approach to Integrate Unilateral Constraints in the Stack
	of Tasks},
  journal = {IEEE Transactions on Robotics},
  year = {2009},
  volume = {25},
  pages = {670-685},
  number = {3},
  month = {june },
  issn = {1552-3098}
}

@ARTICLE{Mansard09bis,
  author = {Mansard, N. and Remazeilles, A. and Chaumette, F.},
  title = {Continuity of Varying-Feature-Set Control Laws},
  journal = {Automatic Control, IEEE Transactions on},
  year = {2009},
  volume = {54},
  pages = {2493-2505},
  number = {11},
  doi = {10.1109/TAC.2009.2031202},
  issn = {0018-9286},
  keywords = {continuous systems;iterative methods;least squares approximations;linear
	algebra;minimisation;servomechanisms;visual servoing;control continuity;iterative
	least-square minimization;linear algebra;pseudo-inverse operator;sensor-based
	control laws;varying-feature-set control laws;visual servoing;Cameras;Computer
	vision;Control systems;Jacobian matrices;Linear algebra;Robot sensing
	systems;Servomechanisms;Stability;Velocity control;Visual servoing;Control
	continuity;least-square inverse;linear algebra;sensor-based control;velocity
	control;visibility constraint;visual servoing}
}

@INPROCEEDINGS{Merlhiot12,
author = {Merlhiot, X. and  Le Garrec, J. and Saupin, G. and Andriot G.}, 
title = {The xde mechanical kernel: Efficient and robust simulation of multibody dynamics with intermittent nonsmooth contacts},
booktitle = {The Second Joint International Conference on Multibody System Dynamics},
year = {2012}
}

@INPROCEEDINGS{Mistry08,
  author = {Mistry, M. and Nakanishi, J. and Cheng, G. and Schaal, S.},
  title = {Inverse kinematics with floating base and constraints for full body
	humanoid robot control},
  booktitle = {Humanoid Robots, 2008. Humanoids 2008. 8th IEEE-RAS International
	Conference on},
  year = {2008},
  pages = {22-27},
  doi = {10.1109/ICHR.2008.4755926},
  keywords = {humanoid robots;robot kinematics;constrained floating base inverse
	kinematics;full body humanoid robot control;gravity position tracking;model-based
	inverse dynamics control;position control;task space control;Acceleration;Force
	control;Humanoid robots;Inverse problems;Orbital robotics;Position
	control;Robot control;Robot kinematics;Space technology;Velocity
	control}
}

@INPROCEEDINGS{Mistry07,
  author = {Mistry, M. and Nakanishi, J. and Schaal, S.},
  title = {Task space control with prioritization for balance and locomotion},
  booktitle = {Intelligent Robots and Systems, 2007. IROS 2007. IEEE/RSJ International
	Conference on},
  year = {2007},
  pages = {331-338},
  doi = {10.1109/IROS.2007.4399595},
  keywords = {legged locomotion;robot kinematics;active balancing;constraint switching;floating
	base inverse kinematics;mobile platform;quadruped robot simulator;singularity
	robustness;task space control;Foot;Jacobian matrices;Leg;Legged locomotion;Mobile
	robots;Open loop systems;Orbital robotics;Robot kinematics;Robust
	control;Space technology}
}

@ARTICLE{Mistry11,
  author = {Mistry, Michael and Righetti, Ludovic},
  title = {Operational space control of constrained and underactuated systems},
  journal = {Robotics: science and systems VII},
  year = {2011}
}

@ARTICLE{Muico09,
  author = {Muico, Uldarico and Lee, Yongjoon and Popovi\'{c}, Jovan and Popovi\'{c},
	Zoran},
  title = {Contact-aware nonlinear control of dynamic characters},
  journal = {ACM Trans. Graph.},
  year = {2009},
  volume = {28},
  pages = {81:1--81:9},
  month = {July},
  issn = {0730-0301},
  issue = {3}
}

@BOOK{Nakamura90,
  title = {Advanced Robotics: Redundancy and Optimization},
  publisher = {Addison-Wesley Longman Publishing Co., Inc.},
  year = {1990},
  author = {Nakamura, Yoshihiko},
  address = {Boston, MA, USA},
  edition = {1st},
  isbn = {0201151987}
}

@ARTICLE{Nakamura86,
  author = {Nakamura, Y and Hanafusa, H },
  title = {Inverse kinematic solutions with singularity robustness for robot
	manipulator control},
  journal = {J. Dyn. Sys. Meas. Control},
  year = {1986},
  volume = {108},
  pages = {163-171},
  number = {3},
  month = {Sep}
}

@ARTICLE{Nakamura87,
  author = {Nakamura, Yoshihiko and Hanafusa, Hideo and Yoshikawa, Tsuneo},
  title = {Task-priority based redundancy control of robot manipulators},
  journal = {The International Journal of Robotics Research},
  year = {1987},
  volume = {6},
  pages = {3--15},
  number = {2},
  publisher = {Sage Publications}
}

@INPROCEEDINGS{Nakanishi05,
  author = {Nakanishi, J. and Cory, R. and Mistry, M. and Peters, J. and Schaal,
	S.},
  title = {Comparative experiments on task space control with redundancy resolution},
  booktitle = {Intelligent Robots and Systems, 2005. (IROS 2005). 2005 IEEE/RSJ
	International Conference on},
  year = {2005},
  pages = {3901-3908},
  doi = {10.1109/IROS.2005.1545203},
  keywords = {manipulator dynamics;redundant manipulators;dynamical decoupling;humanoid
	robots;inverse kinematics;motor coordination;redundancy resolution;robot
	dynamics;seven-degree-of-freedom anthropomorphic robot arm;space
	optimization;task space control;Acceleration;Anthropomorphism;Control
	systems;Humanoid robots;Lighting control;Orbital robotics;Redundancy;Robot
	kinematics;Robustness;Torque;Dynamical decoupling;Inverse kinematics;Null
	space optimization;Redundancy resolution;Task space control}
}

@ARTICLE{Nori15,
  author = {Nori, F. and Traversaro, S. and Eljaik, J. and Romano, F. and Del Prete, A. and Pucci, D.},
  title = {iCub Whole-body Control through Force Regulation on Rigid Noncoplanar Contacts},
  journal = {Frontiers in Robotics and AI},
  year = {2015}	
}
 


@INPROCEEDINGS{Ott08,
  author = {Ott, Christian and Lee, Dongheui and Nakamura, Yoshihiko},
  title = {Motion Capture based Human Motion Recognition and Imitation by Direct
	Marker Control},
  booktitle = {Proceedings of the 2008 IEEE International Conference on Humanoid
	Robots},
  year = {2008},
  pages = {399-405}
}

@ARTICLE{Padois07,
  author = {Padois, Vincent and Fourquet, Jean-Yves and Chiron, Pascale and others},
  title = {Kinematic and dynamic model-based control of wheeled mobile manipulators:
	A unified framework for reactive approaches},
  journal = {Robotica},
  year = {2007},
  volume = {25},
  pages = {157},
  number = {2},
  publisher = {Cambridge Univ Press}
}

@ARTICLE{Peters08,
  author = {Peters, Jan and Mistry, Michael and Udwadia, Firdaus and Nakanishi,
	Jun and Schaal, Stefan},
  title = {A unifying framework for robot control with redundant DOFs},
  journal = {Autonomous Robots},
  year = {2008},
  volume = {24},
  pages = {1-12},
  number = {1},
  doi = {10.1007/s10514-007-9051-x},
  issn = {0929-5593},
  keywords = {Non-linear control; Robot control; Tracking control; Gaussï¿½ï¿½?principle;
	Constrained mechanics; Optimal control; Kinematic redundancy},
  language = {English},
  publisher = {Springer US},
  url = {http://dx.doi.org/10.1007/s10514-007-9051-x}
}

@INPROCEEDINGS{Petit11,
  author = {Petit, Florian and Albu-Schaffer, Alin},
  title = {Cartesian impedance control for a variable stiffness robot arm},
  booktitle = {Intelligent Robots and Systems (IROS), 2011 IEEE/RSJ International
	Conference on},
  year = {2011},
  pages = {4180-4186},
  month = {sept.},
  doi = {10.1109/IROS.2011.6094736},
  issn = {2153-0858}
}

@ARTICLE{Petric13,
  author = {Tadej Petri\v{c} and Leon \v{Z}lajpah},
  title = {Smooth continuous transition between tasks on a kinematic control
	level: Obstacle avoidance as a control problem },
  journal = {Robotics and Autonomous Systems },
  year = {2013},
  volume = {61},
  pages = {948-959},
  number = {9},
  doi = {http://dx.doi.org/10.1016/j.robot.2013.04.019},
  issn = {0921-8890}
}

@ARTICLE{Piazzi00,
  author = {Piazzi, Aurelio and Visioli, Antonio},
  title = {Global minimum-jerk trajectory planning of robot manipulators},
  journal = {Industrial Electronics, IEEE Transactions on},
  year = {2000},
  volume = {47},
  pages = {140--149},
  number = {1},
  publisher = {IEEE}
}

@INPROCEEDINGS{Pratt96,
  author = {Pratt, J. and Torres, A. and Dilworth, P. and Pratt, G.},
  title = {Virtual actuator control},
  booktitle = {IEEE/RSJ International Conference on Intelligent Robots and Systems
	(IROS)},
  year = {1996},
  volume = {3},
  pages = {1219-1226},
  month = {nov}
}

@INPROCEEDINGS{Rennuit05bis,
  author = {Rennuit, A. and Micaelli, A. and Merlhiot, X. and Andriot, C. and
	Guillaume, F. and Chevassus, N. and Chablat, D. and Chedmail, P.},
  title = {Passive control architecture for virtual humans},
  booktitle = {IEEE/RSJ International Conference on Intelligent Robots and Systems
	(IROS)},
  year = {2005},
  pages = {1432-1437},
  month = {aug.}
}

@article{Righetti13,
author = {Righetti, Ludovic and Buchli, Jonas and Mistry, Michael and Kalakrishnan, Mrinal and Schaal, Stefan}, 
title = {Optimal distribution of contact forces with inverse dynamics control},
year = {2013}, 
doi = {10.1177/0278364912469821}, 
journal = {The International Journal of Robotics Research} 
}


@INPROCEEDINGS{Saab11,
  author = {Saab, L. and Mansard, N. and Keith, F. and Fourquet, J-Y. and Soueres,
	P.},
  title = {Generation of dynamic motion for anthropomorphic systems under prioritized
	equality and inequality constraints},
  booktitle = {IEEE International Conference on Robotics and Automation (ICRA)},
  year = {2011},
  pages = {1091-1096},
  month = {may},
  issn = {1050-4729}
}

@ARTICLE{Saab13,
  author = {Saab, L. and Ramos, O.E. and Keith, F. and Mansard, N. and Soueres,
	P. and Fourquet, Jean-Yves},
  title = {Dynamic Whole-Body Motion Generation Under Rigid Contacts and Other
	Unilateral Constraints},
  journal = {Robotics, IEEE Transactions on},
  year = {2013},
  volume = {29},
  pages = {346-362},
  number = {2},
  doi = {10.1109/TRO.2012.2234351},
  issn = {1552-3098}
}

@INPROCEEDINGS{Saab09,
  author = {Saab, L. and Soueres, P. and Fourquet, Jean-Yves},
  title = {Coupling manipulation and locomotion tasks for a humanoid robot},
  booktitle = {International Conference on Advances in Computational Tools for Engineering
	Applications (ACTEA)},
  year = {2009},
  pages = {84-89},
  month = {july}
}

@article{Sadeghian13,
author = {Sadeghian,Hamid and Villani,Luigi and Keshmiri,Mehdi and Siciliano,Bruno},
title = {Dynamic multi-priority control in redundant robotic systems},
journal = {Robotica},
volume = {31},
issue = {07},
month = {10},
year = {2013},
issn = {1469-8668},
pages = {1155--1167},
numpages = {13},
doi = {10.1017/S0263574713000416}
}

@INPROCEEDINGS{Salini11,
  author = {Salini, J. and Padois, V. and Bidaud, P.},
  title = {Synthesis of complex humanoid whole-body behavior: A focus on sequencing
	and tasks transitions},
  booktitle = {Robotics and Automation (ICRA), 2011 IEEE International Conference
	on},
  year = {2011},
  pages = {1283 -1290},
  month = {may},
  doi = {10.1109/ICRA.2011.5980202},
  issn = {1050-4729},
  keywords = {complex humanoid whole-body behavior;constrained state;dynamic tasks;humanoid
	robot;sequencing transitions;sharp torque evolutions;smooth weights
	variations;tasks transitions;transitional tasks;virtual iCub robot;control
	engineering computing;humanoid robots;robot dynamics;torque control;virtual
	reality;}
}

@PHDTHESIS{Salini12,
	CATEGORY = {THDR},
	AUTHOR = {Salini, J.},
	TITLE = {Dynamic control for the task/posture coordination of humanoids: toward synthesis of complex activities},
	YEAR = {2012},
	ADDRESS = {Paris, France},
	SCHOOL = {Universit\'{e} Pierre et Marie Curie},
	HTTP = {http://tel.archives-ouvertes.fr/tel-00710013},
	MONTH = {June},
	TYPE = {Ph.D. thesis}
}

@INCOLLECTION{Salini13,
	CATEGORY = {COS},
	AUTHOR = {Salini, J. and BarthÃ©lemy, S. and Bidaud, Ph. and Padois, V.},
	TITLE = {Whole-Body Motion Synthesis with LQP-based Controller - Application to iCub},
	YEAR = {2013},
	BOOKTITLE = {Cognitive Systems Monographs : Modeling, Simulation and Optimization of Bipedal Walking},
	EDITOR = {Mombaur, Katja and Berns, Karsten},
	PUBLISHER = {Springer Berlin Heidelberg},
	PAGES = {119-210},
	HTTP = {http://hal.archives-ouvertes.fr/	hal-01030852},
	VOLUME = {18},
	DOI = {10.1007/978-3-642-36368-9_16}
}

@BOOK{Samson91,
  title = {Robot contol: the Task Function Approach},
  publisher = {Addison-Wesley Longman Publishing Co., Inc.},
  year = {1991},
  author = {C. Samson and M. Le Borgne and B. Espiau},
  address = {Oxford, United Kingdom},
  publiser = {Clarendon Press}
}

@inproceedings{Schreiber10,
  title={The fast research interface for the kuka lightweight robot},
  author={Schreiber, G{\"u}nter and Stemmer, Andreas and Bischoff, Rainer},
  booktitle={IEEE Workshop on Innovative Robot Control Architectures for Demanding (Research) Applications How to Modify and Enhance Commercial Controllers (ICRA)},
  year={2010}
}

@INPROCEEDINGS{Sentis05,
  author = { Sentis, L. and Khatib, O.},
  title = {Control of Free-Floating Humanoid Robots Through Task Prioritization},
  booktitle = {IEEE International Conference on Robotics and Automation (ICRA)},
  year = {2005},
  pages = {1718-1723},
  month = {april}
}

@ARTICLE{Sentis05bis,
  author = {Sentis, LUIS and Khatib, OUSSAMA},
  title = {SYNTHESIS OF WHOLE-BODY BEHAVIORS THROUGH HIERARCHICAL CONTROL OF
	BEHAVIORAL PRIMITIVES},
  journal = {International Journal of Humanoid Robotics},
  year = {2005},
  volume = {02},
  pages = {505-518},
  number = {04},
  doi = {10.1142/S0219843605000594}
}

@INPROCEEDINGS{Sentis04,
  author = {L. Sentis and O. Khatib},
  title = {Task-Oriented Control of Humanoid Robots Through Prioritization},
  booktitle = {IEEE RAS/RSJ International Conference on Humanoid Robots},
  year = {2004}
}

@INPROCEEDINGS{Sentis04bis,
  author = {Sentis, L. and Khatib, O.},
  title = {Prioritized multi-objective dynamics and control of robots in human
	environments},
  booktitle = {4th IEEE/RAS International Conference on Humanoid Robots},
  year = {2004},
  volume = {2},
  pages = {764-780 Vol. 2},
  doi = {10.1109/ICHR.2004.1442684}
}

@ARTICLE{Sentis10,
  author = {Sentis, L. and Jaeheung Park and Khatib, O.},
  title = {Compliant Control of Multi-Contact and Center of Mass Behaviors in
	Humanoid Robots},
  journal = {IEEE Transactions on Robotics},
  year = {2010},
  volume = {26},
  pages = {483-501},
  number = {3},
  month = {june },
  doi = {10.1109/TRO.2010.2043757},
  issn = {1552-3098}
}

@INPROCEEDINGS{Shkolnik07,
  author = {Shkolnik, Alexander and Tedrake, R.},
  title = {Inverse Kinematics for a Point-Foot Quadruped Robot with Dynamic
	Redundancy Resolution},
  booktitle = {Robotics and Automation, 2007 IEEE International Conference on},
  year = {2007},
  pages = {4331-4336},
  doi = {10.1109/ROBOT.2007.364146},
  issn = {1050-4729},
  keywords = {Jacobian matrices;inverse problems;legged locomotion;optimisation;position
	control;robot kinematics;stability;LittleDog robot;body rotation;dynamic
	redundancy;forward kinematics;inverse kinematics;point-foot quadruped
	robot;stability;stance leg twisting;step leg trajectory;swing leg
	trajectory;whole-body Jacobian;work-space centering;Intelligent robots;Jacobian
	matrices;Kinematics;Leg;Legged locomotion;Motion control;Robot control;Robotics
	and automation;Stability;Weight control}
}

@ARTICLE{Siciliano90,
  author = {Siciliano, Bruno},
  title = {Kinematic control of redundant robot manipulators: A tutorial},
  journal = {Journal of Intelligent and Robotic Systems},
  year = {1990},
  volume = {3},
  pages = {201--212},
  number = {3},
  publisher = {Springer}
}

@INPROCEEDINGS{Siciliano91,
  author = {Siciliano, B. and Slotine, J.-J.E.},
  title = {A general framework for managing multiple tasks in highly redundant
	robotic systems},
  booktitle = {Advanced Robotics, 1991. 'Robots in Unstructured Environments', 91
	ICAR., Fifth International Conference on},
  year = {1991},
  pages = {1211 -1216 vol.2},
  month = {june},
  doi = {10.1109/ICAR.1991.240390},
  keywords = {Jacobian;functional constraint tasks;generic task;joint acceleration;joint
	velocity;kinematic redundancies;model-based controllers;redundant
	robotic systems;singularities;task priority strategy;kinematics;position
	control;redundancy;robots;}
}



@INPROCEEDINGS{Stasse08,
  author = {Stasse, O. and Escande, A. and Mansard, N. and Miossec, S. and Evrard,
	P. and Kheddar, A.},
  title = {Real-time (self)-collision avoidance task on a hrp-2 humanoid robot},
  booktitle = {IEEE International Conference on Robotics and Automation (ICRA)},
  year = {2008},
  pages = {3200-3205},
  month = {may},
  issn = {1050-4729}
}

@INPROCEEDINGS{Stephens10,
  author = {Stephens, B.J. and Atkeson, C.G.},
  title = {Dynamic Balance Force Control for compliant humanoid robots},
  booktitle = {IEEE/RSJ International Conference on Intelligent Robots and Systems},
  year = {2010},
  pages = {1248-1255},
  month = {oct.},
  issn = {2153-0858}
}

@ARTICLE{Stulp13,
  author = {Stulp, Freek and Raiola, Gennaro and Hoarau, Antoine and Ivaldi,
	Serena and Sigaud, Olivier},
  title = {Learning Compact Parameterized Skills with a Single Regression},
  journal = {parameters},
  year = {2013},
  volume = {5},
  pages = {9}
}

@INPROCEEDINGS{Tsumugiwa02, 
author={Tsumugiwa, T. and Yokogawa, R. and Hara, K.}, 
booktitle={IEEE International Conference on Robotics and Automation}, 
title={Variable impedance control based on estimation of human arm stiffness for human-robot cooperative calligraphic task}, 
year={2002}, 
month={}, 
volume={1}, 
pages={644-650 vol.1}, 
doi={10.1109/ROBOT.2002.1013431},}

@ARTICLE{Wampler86,
  author = {Wampler, C.W.},
  title = {Manipulator Inverse Kinematic Solutions Based on Vector Formulations
	and Damped Least-Squares Methods},
  journal = {Systems, Man and Cybernetics, IEEE Transactions on},
  year = {1986},
  volume = {16},
  pages = {93-101},
  number = {1},
  doi = {10.1109/TSMC.1986.289285},
  issn = {0018-9472},
  keywords = {Acceleration;Angular velocity;Angular velocity control;Arm;Computer
	errors;Error correction;Geometry;Jacobian matrices;Kinematics;Motion
	control}
}

@MISC{Wassick98,
  author = {Wassick, John M and McCroskey, Patrick S and McDonough, John J and
	Steckler, David K},
  title = {Model predictive controller},
  month = apr # {~14},
  year = {1998},
  note = {US Patent 5,740,033},
  publisher = {Google Patents}
}

@INPROCEEDINGS{Wieber06, 
author={Wieber, P.-B.}, 
booktitle={Humanoid Robots, 2006 6th IEEE-RAS International Conference on}, 
title={Trajectory Free Linear Model Predictive Control for Stable Walking in the Presence of Strong Perturbations}, 
year={2006}, 
month={Dec}, 
pages={137-142}, 
doi={10.1109/ICHR.2006.321375},}

@ARTICLE{Wu10,
  author = {Wu, Jia-chi and Popovi\'{c}, Zoran},
  title = {Terrain-adaptive bipedal locomotion control},
  journal = {ACM Trans. Graph.},
  year = {2010},
  volume = {29},
  pages = {72:1--72:10},
  month = {July},
  issn = {0730-0301},
  issue = {4}
}

@MISC{XDE, 
author = {CEA-List},
title = {{XDE} e{X}tended {D}ynamic {E}ngine},
howpublished  = {\url{http://www.kalisteo.fr/lsi/en/aucune/a-propos-de-xde}}
}

@ARTICLE{Yang11, 
author={Chenguang Yang and Ganesh, G. and Haddadin, S. and Parusel, S. and Albu-Schaeffer, A. and Burdet, E.}, 
journal={IEEE Transactions on Robotics}, 
title={Human-Like Adaptation of Force and Impedance in Stable and Unstable Interactions}, 
year={2011}, 
month={Oct}, 
volume={27}, 
number={5}, 
pages={918-930}, 
doi={10.1109/TRO.2011.2158251}, 
ISSN={1552-3098},}

@ARTICLE{Yin07,
  author = {Yin, KangKang and Loken, Kevin and van de Panne, Michiel},
  title = {SIMBICON: simple biped locomotion control},
  journal = {ACM Trans. Graph.},
  year = {2007},
  volume = {26},
  number = {3},
  month = jul,
  acmid = {1276509},
  address = {New York, NY, USA},
  articleno = {105},
  doi = {10.1145/1276377.1276509},
  issn = {0730-0301},
  issue_date = {July 2007},
  publisher = {ACM},
  url = {http://doi.acm.org/10.1145/1276377.1276509}
}

@ARTICLE{Yoshida10,
  author = {Yoshida, Eiichi and Poirier, Mathieu and Laumond, Jean-Paul and Kanoun,
	Oussama and Lamiraux, Florent and Alami, Rachid and Yokoi, Kazuhito},
  title = {Pivoting based manipulation by a humanoid robot},
  journal = {Autonomous Robots},
  year = {2010},
  volume = {28},
  pages = {77-88},
  issn = {0929-5593},
  issue = {1},
  keyword = {Computer Science},
  publisher = {Springer Netherlands}
}

