@inproceedings{Albertoetal14,
  title={Computed Torque Control with Variable Gains through Gaussian Process Regression},
  author={Alberto, Nicolas Torres and Mistry, Michael and Stulp, Freek},
  booktitle={IEEE International Conference on Humanoid Robots}
}

@ARTICLE{Calandra2014d,
   author = {{Calandra}, R. and {Peters}, J. and {Rasmussen}, C.~E. and {Deisenroth}, M.~P.
	},
    title = "{Manifold Gaussian Processes for Regression}",
  journal = {ArXiv e-prints},
archivePrefix = "arXiv",
   eprint = {1402.5876},
 primaryClass = "stat.ML",
 keywords = {Statistics - Machine Learning, Computer Science - Learning},
     year = 2014,
    month = feb,
   adsurl = {http://adsabs.harvard.edu/abs/2014arXiv1402.5876C},
  adsnote = {Provided by the SAO/NASA Astrophysics Data System}
}

@article{Kupcsik_AI_conditionallyaccepted,
 author =		 "Kupcsik, A.G. and  Deisenroth, M.P. and  Peters, J. and  Ai Poh, L. and Vadakkepat, V. and  Neumann, G.",
 year =		 "conditionally accepted",
 title =		 "Model-based Contextual Policy Search for Data-Efficient Generalization of Robot Skills",
 booktitle =		 "Artificial Intelligence",
 key =			 "complacs",
 crossref =		 "p10684"
}

@article{Meyer_JNER_2013,
 author =		 "Meyer, T. and   Peters, J. and  Zander, T.O. and  Schoelkopf, B. and  Grosse-Wentrup, M.",
 year =		 "accepted",
 title =		 "Predicting Motor Learning Performance from Electroencephalographic Data",
 booktitle =		 "Journal of Neuroengineering and Rehabilitation",
 URL =			 "4",
 crossref =		 "p10649"
}

@article{Muelling_BC_accepted,
 author =		 "Muelling, K. and  Boularias, A. and  Mohler, B. and  Schoelkopf, B. and  Peters, J.",
 year =		 "accepted",
 title =		 "Learning Strategies in Table Tennis using Inverse Reinforcement Learning",
 booktitle =		 "Biological Cybernetics",
 key =			 "complacs",
 crossref =		 "p10683"
}

@article{dann14a,
 author =		 "Dann, C. and  Neumann, G. and  Peters, J.",
 year =		 "2014",
 title =		 "Policy Evaluation with Temporal Differences: A Survey and Comparison",
 booktitle =		 "Journal of Machine Learning Research",
 key =			 "complacs",
 URL =			 "6",
 number =		 "March",
 pages =		 "809-883",
 crossref =		 "p10643"
}

@article{Bocsi_AR_2014,
 author =		 "Bocsi, B. and  Csato, L. and  Peters, J. ",
 year =		 "2014",
 title =		 "Indirect Robot Model Learning for Tracking Control",
 booktitle =		 "Advanced Robotics",
 URL =			 "8",
 crossref =		 "p10652"
}

@article{BenAmor_AR_2014,
 author =		 "Ben Amor, H. and  Saxena, A. and  Hudson, N. and  Peters, J.",
 year =		 "2014",
 title =		 "Special issue on autonomous grasping and manipulation",
 booktitle =		 "Autonomous Robots",
 crossref =		 "p10655"
}

@article{pami_final_w_appendix,
 author =		 "Deisenroth, M.P. and  Fox, D. and  Rasmussen, C.E.",
 year =		 "2014",
 title =		 "Gaussian Processes for Data-Efficient Learning in Robotics and Control",
 booktitle =		 "IEEE Transactions on Pattern Analysis and Machine Intelligence",
 URL =			 "10",
 crossref =		 "p10656"
}

@article{wierstra14a,
 author =		 "Wierstra. D. and  Schaul, T. and  Glasmachers, T. and  Sun, Y. and  Peters, J. and  Schmidhuber, J.",
 year =		 "2014",
 title =		 "Natural Evolution Strategies",
 booktitle =		 "Journal of Machine Learning Research",
 URL =			 "12",
 number =		 "March",
 pages =		 "949-980",
 crossref =		 "p10657"
}

@inproceedings{Deisenroth_ICRA_2014,
 author =		 "Deisenroth, M.P. and  Englert, P. and  Peters, J. and  Fox, D.",
 year =		 "2014",
 title =		 "Multi-Task Policy Search for Robotics",
 booktitle =		 "Proceedings of 2014 IEEE International Conference on Robotics and Automation (ICRA)",
 URL =			 "14",
 crossref =		 "p10658"
}

@inproceedings{Bischoff_ICRA_2014,
 author =		 "Bischoff, B. and  Nguyen-Tuong, D. and  van Hoof, H. McHutchon, A. and  Rasmussen, C.E. and  Knoll, A. and  Peters, J. and  Deisenroth, M.P.",
 year =		 "2014",
 title =		 "Policy Search For Learning Robot Control Using Sparse Data",
 booktitle =		 "Proceedings of 2014 IEEE International Conference on Robotics and Automation (ICRA)",
 URL =			 "16",
 crossref =		 "p10659"
}

@inproceedings{Calandra_ICRA2014,
 author =		 "Calandra, R. and  Seyfarth, A. and  Peters, J. and  Deisenroth, M.P.",
 year =		 "2014",
 title =		 "An Experimental Comparison of Bayesian Optimization for Bipedal Locomotion",
 booktitle =		 "Proceedings of 2014 IEEE International Conference on Robotics and Automation (ICRA)",
 key =			 "codyco",
 URL =			 "18",
 crossref =		 "p10660"
}

@book{Kober_STARSS_2014,
 author =		 "Kober, J. and  Peters, J.",
 year =		 "2014",
 title =		 "Learning Motor Skills - From Algorithms to Robot Experiments",
 booktitle =		 "Springer Tracts in Advanced Robotics 97 (STAR Series), Springer ",
 ISBN/ISSN =		 "978-3-319-03193-4",
 crossref =		 "p10661"
}

@inproceedings{Kroemer_ICRA_2014,
 author =		 "Kroemer, O. and  van Hoof, H. and  Neumann, G. and  Peters, J.",
 year =		 "2014",
 title =		 "Learning to Predict Phases of Manipulation Tasks as Hidden States",
 booktitle =		 "Proceedings of 2014 IEEE International Conference on Robotics and Automation (ICRA)",
 key =			 "tacman, 3rd-hand",
 URL =			 "20",
 crossref =		 "p10662"
}

@inproceedings{icraHeniInteract,
 author =		 "Ben Amor, H. and  Neumann, G. and  Kamthe, S. and  Kroemer, O. and  Peters, J.",
 year =		 "2014",
 title =		 "Interaction Primitives for Human-Robot Cooperation Tasks ",
 booktitle =		 "Proceedings of 2014 IEEE International Conference on Robotics and Automation (ICRA)",
 key =			 "codyco, complacs",
 URL =			 "22",
 crossref =		 "p10663"
}

@inproceedings{Lioutikov_ICRA_2014,
 author =		 "Lioutikov, R. and  Paraschos, A. and  Neumann, G. and  Peters, J.",
 year =		 "2014",
 title =		 "Sample-Based Information-Theoretic Stochastic Optimal Control",
 booktitle =		 "Proceedings of 2014 IEEE International Conference on Robotics and Automation (ICRA)",
 key =			 "3rd-hand, complacs",
 URL =			 "24",
 crossref =		 "p10664"
}

@inproceedings{Haji-Ghassemi_PICAIS_2014,
 author =		 "Haji-Ghassemi, N. and  Deisenroth, M.P.",
 year =		 "2014",
 title =		 "Approximate Inference for Long-Term Forecasting with Periodic Gaussian Processes",
 booktitle =		 "Proceedings of the International Conference on Artificial Intelligence and Statistics (AISTATS)",
 crossref =		 "p10665"
}

@inproceedings{Calandra_LION8,
 author =		 "Calandra, R. and  Gopalan, N. and  Seyfarth, A. and  Peters, J. and  Deisenroth, M.P.",
 year =		 "2014",
 title =		 "Bayesian Gait Optimization for Bipedal Locomotion",
 booktitle =		 "Proceedings of the 2014 Learning and Intelligent Optimization Conference (LION8)",
 key =			 "codyco",
 URL =			 "26",
 crossref =		 "p10666"
}

@inproceedings{Kamthe_PIICASSP_2014,
 author =		 "Kamthe, S. and  Peters, J. and  Deisenroth, M.",
 year =		 "2014",
 title =		 "Multi-modal filtering for non-linear estimation",
 booktitle =		 "Proceedings of the IEEE International Conference on Acoustics, Speech, and Signal Processing (ICASSP)",
 crossref =		 "p10668"
}

@inproceedings{Manschitz_PI_2014,
 author =		 "Manschitz, S. and  Kober, J. and  Gienger, M. and  Peters, J.",
 year =		 "2014",
 title =		 "Learning to Unscrew a Light Bulb from Demonstrations",
 booktitle =		 "Proceedings of ISR/ROBOTIK 2014",
 key =			 "hri-collaboration",
 crossref =		 "p10669"
}

@inproceedings{Lioutikov_PICIAS_2014,
 author =		 "Lioutikov, R. and  Kroemer, O. and  Maeda, G. and  Peters, J.",
 year =		 "2014",
 title =		 "Learning Manipulation by Sequencing Motor Primitives with a Two-Armed Robot",
 booktitle =		 "Proceedings  of the 13th International Conference on Intelligent Autonomous Systems (IAS)",
 crossref =		 "p10712"
}

@article{Muelling_IJRR_2013,
 author =		 "Muelling, K. and  Kober, J. and  Kroemer, O. and  Peters, J.",
 year =		 "2013",
 title =		 "Learning to Select and Generalize Striking Movements in Robot Table Tennis",
 booktitle =		 "International Journal of Robotics Research",
 key =			 "gert",
 URL =			 "28",
 number =		 "3",
 pages =		 "263-279",
 crossref =		 "p10589"
}

@inproceedings{Daniel_ICRA_2013,
 author =		 "Daniel, C. and  Neumann, G. and  Kroemer, O. and  Peters, J.",
 year =		 "2013",
 title =		 "Learning Sequential Motor Tasks",
 booktitle =		 "Proceedings of 2013 IEEE International Conference on Robotics and Automation (ICRA)",
 key =			 "gert, complacs",
 URL =			 "30",
 crossref =		 "p10594"
}

@inproceedings{Englert_ICRA_2013,
 author =		 "Englert, P. and  Paraschos, A. and  Peters, J. and  Deisenroth, M. P.",
 year =		 "2013",
 title =		 "Model-based Imitation Learning by Probabilistic Trajectory Matching",
 booktitle =		 "Proceedings of 2013 IEEE International Conference on Robotics and Automation (ICRA)",
 URL =			 "32",
 crossref =		 "p10595"
}

@inproceedings{Gopalan_ICRA_2013,
 author =		 "Gopalan, N. and  Deisenroth, M. P. and  Peters, J.",
 year =		 "2013",
 title =		 "Feedback Error Learning for Rhythmic Motor Primitives",
 booktitle =		 "Proceedings of 2013 IEEE International Conference on Robotics and Automation (ICRA)",
 URL =			 "34",
 crossref =		 "p10596"
}

@article{Wang_IJRR_2013,
 author =		 "Wang, Z. and  Muelling, K. and  Deisenroth, M. P. and  Ben Amor, H. and  Vogt, D. and  Schoelkopf, B. and  Peters, J.",
 year =		 "2013",
 title =		 "Probabilistic Movement Modeling for Intention Inference in Human-Robot Interaction",
 booktitle =		 "International Journal of Robotics Research",
 URL =			 "36",
 number =		 "7",
 pages =		 "841-858",
 crossref =		 "p10598"
}

@inproceedings{peters_ECML_2013,
 author =		 "Peters, J. and  Kober, J. and  Muelling, K. and  Kroemer, O. and  Neumann, G.",
 year =		 "2013",
 title =		 "Towards Robot Skill Learning: From Simple Skills to Table Tennis",
 booktitle =		 "Proceedings of the European Conference on Machine Learning (ECML), Nectar Track",
 URL =			 "38",
 crossref =		 "p10626"
}

@article{Kober_IJRR_2013,
 author =		 "Kober, J and  Bagnell, D. and  Peters, J.",
 year =		 "2013",
 title =		 "Reinforcement Learning in Robotics: A Survey",
 booktitle =		 "International Journal of Robotics Research",
 number =		 "11",
 pages =		 "1238-1274"
}

@inproceedings{Kupcsik_AAAI_2013,
 author =		 "Kupcsik, A.G. and  Deisenroth, M.P. and  Peters, J. and  Neumann, G.",
 year =		 "2013",
 title =		 "Data-Efficient Generalization of Robot Skills with Contextual Policy Search",
 booktitle =		 "Proceedings of the National Conference on Artificial Intelligence (AAAI) ",
 key =			 "gert, complacs",
 URL =			 "42",
 crossref =		 "p10615"
}

@inproceedings{Bocsi_IJCNN_2013,
 author =		 "Bocsi, B. and  Csato, L. and  Peters, J.",
 year =		 "2013",
 title =		 "Alignment-based Transfer Learning for Robot Models",
 booktitle =		 "Proceedings of the 2013 International Joint Conference on Neural Networks (IJCNN) ",
 URL =			 "44",
 crossref =		 "p10617"
}

@inproceedings{Daniel_PIJCNN_2013,
 author =		 "Daniel, C. and  Neumann, G. and  Peters, J.",
 year =		 "2013",
 title =		 "Autonomous Reinforcement Learning with Hierarchical REPS",
 booktitle =		 "Proceedings of the 2013 International Joint Conference on Neural Networks (IJCNN) ",
 key =			 "gert, complacs",
 crossref =		 "p10618"
}

@article{Englert_ABJ_2013,
 author =		 "Englert, P. and  Paraschos, A. and  Peters, J. and Deisenroth, M.P.",
 year =		 "2013",
 title =		 "Probabilistic Model-based Imitation Learning",
 booktitle =		 "Adaptive Behavior Journal",
 URL =			 "46",
 pages =		 "388-403",
 crossref =		 "p10620"
}

@inproceedings{Peters_PYLW_2013,
 author =		 "Peters, J. and  Kober, J. and  Muelling, K. and  Nguyen-Tuong, D. and  Kroemer, O.",
 year =		 "2013",
 title =		 "Learning Skills with Motor Primitives",
 booktitle =		 "Proceedings of the 16th Yale Learning Workshop",
 crossref =		 "p10621"
}

@inproceedings{Neumann_PAWIRS_2013,
 author =		 "Neumann, G. and  Kupcsik, A.G. and  Deisenroth, M.P. and  Peters, J.",
 year =		 "2013",
 title =		 "Information-Theoretic Motor Skill Learning",
 booktitle =		 "Proceedings of the AAAI 2013 Workshop on Intelligent Robotic Systems",
 key =			 "complacs",
 crossref =		 "p10622"
}

@inproceedings{iros2013Heni,
 author =		 "Ben Amor, H. and  Vogt, D. and  Ewerton, M. and  Berger, E. and  Jung, B. and  Peters, J.",
 year =		 "2013",
 title =		 "Learning Responsive Robot Behavior by Imitation",
 booktitle =		 "Proceedings of the 2013 IEEE/RSJ International Conference on Intelligent Robots and Systems (IROS)",
 key =			 "codyco",
 URL =			 "48",
 crossref =		 "p10627"
}

@article{PolicySearchReview,
 author =		 "Deisenroth, M. P. and  Neumann, G. and  Peters, J.",
 year =		 "2013",
 title =		 "A Survey on Policy Search for Robotics",
 booktitle =		 "Foundations and Trends in Robotics",
 key =			 "complacs",
 URL =			 "50",
 pages =		 "388-403",
 crossref =		 "p10628"
}

@inproceedings{hoofHUMANOIDS,
 author =		 "van Hoof, H. and  Kroemer, O and  Peters, J.",
 year =		 "2013",
 title =		 "Probabilistic Interactive Segmentation for Anthropomorphic Robots in Cluttered Environments ",
 booktitle =		 "Proceedings of the International Conference on Humanoid Robots (HUMANOIDS)",
 key =			 "gert, complacs",
 URL =			 "52",
 crossref =		 "p10640"
}

@inproceedings{Paraschos_Humanoids_2013,
 author =		 "Paraschos, A. and  Neumann, G and  Peters, J.",
 year =		 "2013",
 title =		 "A Probabilistic Approach to Robot Trajectory Generation",
 booktitle =		 "Proceedings of the International Conference on Humanoid Robots (HUMANOIDS)",
 key =			 "codyco, complacs",
 URL =			 "54",
 crossref =		 "p10641"
}

@inproceedings{humanoids2013Heni,
 author =		 "Berger, E. and  Vogt, D. and  Haji-Ghassemi, N. and  Jung, B. and  Ben Amor, H.",
 year =		 "2013",
 title =		 "Inferring Guidance Information in Cooperative Human-Robot Tasks",
 booktitle =		 "Proceedings of the International Conference on Humanoid Robots (HUMANOIDS)",
 key =			 "codyco",
 URL =			 "56",
 crossref =		 "p10642"
}

@inproceedings{Paraschos_NIPS_2013,
 author =		 "Paraschos, A. and  Daniel, C. and  Peters, J. and  Neumann, G",
 year =		 "2013",
 title =		 "Probabilistic Movement Primitives",
 booktitle =		 "Advances in Neural Information Processing Systems (NIPS), Cambridge, MA: MIT Press.",
 key =			 "codyco, complacs"
}

@inbook{Sigaud_ESLSV_2012,
 author =		 "Sigaud, O. and  Peters, J.",
 year =		 "2012",
 title =		 "Robot Learning",
 booktitle =		 "Encyclopedia of the Sciences of Learning, Springer Verlag",
 URL =			 "60",
 publisher =		 "seel, norbert m.",
 crossref =		 "p10321"
}

@article{rtblobjrtip2010_66510,
 author =		 "Lampert, C.H. and  Peters, J.",
 year =		 "2012",
 title =		 "Real-Time Detection of Colored Objects In Multiple Camera Streams With Off-the-Shelf Hardware Components",
 booktitle =		 "Journal of Real-Time Image Processing",
 URL =			 "62",
 number =		 "1",
 pages =		 "31-41",
 crossref =		 "p10375"
}

@inproceedings{DanielAISTATS2012,
 author =		 "Daniel, C. and  Neumann, G. and  Peters, J.",
 year =		 "2012",
 title =		 "Hierarchical Relative Entropy Policy Search",
 booktitle =		 "Proceedings of the International Conference on Artificial Intelligence and Statistics (AISTATS 2012)",
 key =			 "gert, complacs",
 URL =			 "64",
 crossref =		 "p10509"
}

@article{Deisenroth_ITAC_2012,
 author =		 "Deisenroth, M.P. and  Turner, R. and  Huber, M. and  Hanebeck, U.D. and  Rasmussen, C.E",
 year =		 "2012",
 title =		 "Robust Filtering and Smoothing with Gaussian Processes",
 booktitle =		 "IEEE Transactions on Automatic Control",
 key =			 "gaussian process, filtering, smoothing",
 URL =			 "66",
 crossref =		 "p10510"
}

@inproceedings{Kroemer_ICRA_2012,
 author =		 "Kroemer, O. and  Ugur, E. and  Oztop, E.  and  Peters,  J. ",
 year =		 "2012",
 title =		 "A Kernel-based Approach to Direct Action Perception",
 booktitle =		 "Proceedings of the International Conference on Robotics and Automation (ICRA)",
 key =			 "gert",
 URL =			 "68",
 crossref =		 "p10517"
}

@inproceedings{Bocsi_ICRA_2012,
 author =		 "Bocsi, B. and  Hennig, P. and  Csato, L. and  Peters, J.",
 year =		 "2012",
 title =		 "Learning Tracking Control with Forward Models",
 booktitle =		 "Proceedings of the International Conference on Robotics and Automation (ICRA)",
 URL =			 "70",
 crossref =		 "p10518"
}

@article{kober_auro2012,
 author =		 "Kober, J. and  Wilhelm, A. and  Oztop, E. and  Peters, J.",
 year =		 "2012",
 title =		 "Reinforcement Learning to Adjust Parametrized Motor Primitives to New Situations",
 booktitle =		 "Autonomous Robots",
 key =			 "skill learning and  motor primitives and  reinforcement learning and  meta-parameters and  policy learning",
 URL =			 "72",
 publisher =		 "springer us",
 number =		 "4",
 pages =		 "361-379",
 ISBN/ISSN =		 "0929-5593",
 crossref =		 "p10536"
}

@article{920121,
 author =		 "Vitzthum, A. and  Ben Amor, H. and  Heumer, G. and  Jung, B.",
 year =		 "2012",
 title =		 "XSAMPL3D - An Action Description Language for the Animation of Virtual Characters",
 booktitle =		 "Journal of Virtual Reality and Broadcasting",
 URL =			 "74",
 number =		 "1",
 crossref =		 "p10539"
}

@inproceedings{Wang_RSS_2012,
 author =		 "Wang, Z. and Deisenroth, M and  Ben Amor, H. and  Vogt, D. and  Schoelkopf, B. and  Peters, J.",
 year =		 "2012",
 title =		 "Probabilistic Modeling of Human Movements for Intention Inference",
 booktitle =		 "Proceedings of Robotics: Science and Systems (R:SS)",
 URL =			 "76",
 crossref =		 "p10545"
}

@article{NguyenTuong_TNN_2012,
 author =		 "Nguyen-Tuong, D. and  Peters, J.",
 year =		 "2012",
 title =		 "Online Kernel-based Learning for Task-Space Tracking Robot Control",
 booktitle =		 "IEEE Transactions on Neural Networks and Learning Systems",
 URL =			 "78",
 number =		 "9",
 pages =		 "1417-1425 ",
 crossref =		 "p10548"
}

@inproceedings{Deisenroth_NIPS_2012,
 author =		 "Deisenroth, M.P. and  Mohamed, S.",
 year =		 "2012",
 title =		 "Expectation Propagation in Gaussian Process Dynamical Systems",
 booktitle =		 "Advances in Neural Information Processing Systems 26 (NIPS), Cambridge, MA: MIT Press.",
 URL =			 "80",
 publisher =		 "the mit press",
 crossref =		 "p10583"
}

@inproceedings{peters_ECAI2012,
 author =		 "Peters, J. and  Kober, J. and  Muelling, K. and  Nguyen-Tuong, D. and  Kroemer, O.",
 year =		 "2012",
 title =		 "Robot Skill Learning",
 booktitle =		 "Proceedings of the European Conference on Artificial Intelligence (ECAI)",
 key =			 "gert",
 URL =			 "82",
 crossref =		 "p10550"
}

@inproceedings{Boularias_ECML_2012,
 author =		 "Boularias, A. and  Kroemer, O. and  Peters, J. ",
 year =		 "2012",
 title =		 "Structured Apprenticeship Learning",
 booktitle =		 "Proceedings of the European Conference on Machine Learning (ECML)",
 key =			 "gert",
 URL =			 "84",
 crossref =		 "p10551"
}

@inproceedings{Meyer_IROS_2012,
 author =		 "Meyer, T. and  Peters, J. and Broetz, D. and  Zander, T. and  Schoelkopf, B. and  Soekadar, S. and  Grosse-Wentrup, M.",
 year =		 "2012",
 title =		 "A Brain-Robot Interface for Studying Motor Learning after Stroke",
 booktitle =		 "Proceedings of the International Conference on Robot Systems (IROS)",
 URL =			 "86",
 crossref =		 "p10552"
}

@inproceedings{Deisenroth_IROS_2012,
 author =		 "Deisenroth, M.P. and  Calandra, R. and  Seyfarth, A. and  Peters, J.",
 year =		 "2012",
 title =		 "Toward Fast Policy Search for Learning Legged Locomotion",
 booktitle =		 "Proceedings of the International Conference on Robot Systems (IROS)",
 key =			 "legged locomotion, policy search, reinforcement learning, gaussian process",
 URL =			 "88",
 crossref =		 "p10553"
}

@inproceedings{VanHoof_IROS_2012,
 author =		 "van Hoof, H. and  Kroemer, O. and Ben Amor, H. and  Peters, J.",
 year =		 "2012",
 title =		 "Maximally Informative Interaction Learning for Scene Exploration",
 booktitle =		 "Proceedings of the International Conference on Robot Systems (IROS)",
 key =			 "gert",
 URL =			 "90",
 crossref =		 "p10554"
}

@inproceedings{Daniel_IROS_2012,
 author =		 "Daniel, C. and  Neumann, G. and  Peters, J.",
 year =		 "2012",
 title =		 "Learning Concurrent Motor Skills in Versatile Solution Spaces",
 booktitle =		 "Proceedings of the International Conference on Robot Systems (IROS)",
 key =			 "gert, complacs",
 URL =			 "92",
 crossref =		 "p10555"
}

@inproceedings{BenAmor_IROS_2012,
 author =		 "Ben Amor, H. and  Kroemer, O. and  Hillenbrand, U. and  Neumann, G. and  Peters, J.",
 year =		 "2012",
 title =		 "Generalization of Human Grasping for Multi-Fingered Robot Hands",
 booktitle =		 "Proceedings of the International Conference on Robot Systems (IROS)",
 key =			 "gert",
 URL =			 "94",
 crossref =		 "p10556"
}

@inproceedings{Kober_IROS_2012,
 author =		 "Kober, J and  Muelling, K. and  Peters, J.",
 year =		 "2012",
 title =		 "Learning Throwing and Catching Skills",
 booktitle =		 "Proceedings of the International Conference on Robot Systems (IROS), Video Track",
 URL =			 "96",
 crossref =		 "p10557"
}

@inproceedings{Deisenroth_PEWRL_2012,
 author =		 "Deisenroth, M.P. and  Peters, J.",
 year =		 "2012",
 title =		 "Solving Nonlinear Continuous State-Action-Observation POMDPs for Mechanical Systems with Gaussian Noise",
 booktitle =		 "Proceedings of the European Workshop on Reinforcement Learning (EWRL)",
 crossref =		 "p10559"
}

@inproceedings{aaaifss12rliht_submission_2,
 author =		 "Muelling, K. and  Kober, J. and  Kroemer, O. and  Peters, J.",
 year =		 "2012",
 title =		 "Learning to Select and Generalize Striking Movements in Robot Table Tennis",
 booktitle =		 "Proceedings of the AAAI 2012 Fall Symposium on Robots that Learn Interactively from Human Teachers",
 URL =			 "98",
 crossref =		 "p10561"
}

@inproceedings{calandra_icann2012,
 author =		 "Calandra, R. and  Raiko, T. and  Deisenroth, M.P. and  Montesino Pouzols, F.",
 year =		 "2012",
 title =		 "Learning Deep Belief Networks from Non-Stationary Streams",
 booktitle =		 "International Conference on Artificial Neural Networks (ICANN)",
 key =			 "deep learning, non-stationary data",
 URL =			 "100",
 crossref =		 "p10563"
}

@inproceedings{Meyer_ICN_2012,
 author =		 "Meyer, T. and  Peters, J. and  Broetz, D. and  Zander, T. and  Schoelkopf, B. and  Soekadar, S. and  Grosse-Wentrup, M.",
 year =		 "2012",
 title =		 "Investigating the Neural Basis for Stroke Rehabilitation by Brain-Computer Interfaces",
 booktitle =		 "International Conference on Neurorehabilitation",
 crossref =		 "p10580"
}

@inproceedings{Kroemer_Humanoids_2012,
 author =		 "Kroemer, O. and  Ben Amor, H. and  Ewerton, M. and  Peters, J.",
 year =		 "2012",
 title =		 "Point Cloud Completion Using Symmetries and Extrusions",
 booktitle =		 "Proceedings of the International Conference on Humanoid Robots  (HUMANOIDS)",
 key =			 "gert",
 URL =			 "102",
 crossref =		 "p10581"
}

@inproceedings{Boularias_NIPS_2012,
 author =		 "Boularias, A. and  Kroemer, O. and  Peters, J. ",
 year =		 "2012",
 title =		 "Algorithms for Learning Markov Field Policies",
 booktitle =		 "Advances in Neural Information Processing Systems 26 (NIPS 2012), Cambridge, MA: MIT Press.",
 key =			 "gert",
 URL =			 "104",
 crossref =		 "p10582"
}

@book{Deisenroth_EWRLproceedings_2012,
 author =		 "Deisenroth M. P. and  Szepesvari C. and  Peters J.",
 year =		 "2012",
 booktitle =		 "Proceedings of the 10th European Workshop on Reinforcement Learning",
 URL =			 "106",
 crossref =		 "p10597"
}

@article{Piater_IJRR_2010,
 author =		 "Piater, J. and  Jodogne, S. and  Detry, R. and  Kraft, D. and   Krueger, N. and  Kroemer, O. and  Peters, J.",
 year =		 "2011",
 title =		 "Learning Visual Representations for Perception-Action Systems",
 booktitle =		 "International Journal of Robotics Research",
 URL =			 "108",
 number =		 "3",
 pages =		 "294-307",
 crossref =		 "p10352"
}

@article{Detry_PJBR_2011,
 author =		 "Detry, R. and  Kraft, D. and  Kroemer, O. and  Peters, J. and   Krueger, N. and   Piater, J. and ",
 year =		 "2011",
 title =		 "Learning Grasp Affordance Densities",
 booktitle =		 "Paladyn Journal of Behavioral Robotics",
 URL =			 "110",
 number =		 "1",
 pages =		 "1-17",
 crossref =		 "p10353"
}

@article{kober_MACH_2011,
 author =		 "Kober, J. and  Peters, J.",
 year =		 "2011",
 title =		 "Policy Search for Motor Primitives in Robotics",
 booktitle =		 "Machine Learning",
 URL =			 "112",
 number =		 "1-2",
 pages =		 "171-203",
 crossref =		 "p10355"
}

@article{Nguyen_NEURO_2011,
 author =		 "Nguyen-Tuong, D. and  Peters, J.",
 year =		 "2011",
 title =		 "Incremental Sparsification for Real-time Online Model Learning",
 booktitle =		 "Neurocomputing",
 URL =			 "114",
 number =		 "11",
 pages =		 "1859-1867",
 crossref =		 "p10356"
}

@article{GomezRodriguezJNE2011,
 author =		 "Gomez-Rodriguez, M. and  Peters, J. and  Hill, J. and  Schoelkopf, B. and  Gharabaghi, A. and  Grosse-Wentrup, M. ",
 year =		 "2011",
 title =		 "Closing the Sensorimotor Loop: Haptic Feedback Helps Decoding of Motor Imagery",
 booktitle =		 "Journal of Neuroengineering",
 URL =			 "116",
 number =		 "3",
 crossref =		 "p10451"
}

@inproceedings{Lampariello_ICRA_2011,
 author =		 "Lampariello, R. and  Nguyen-Tuong, D. and  Castellini, C. and  Hirzinger, G. and  Peters, J.",
 year =		 "2011",
 title =		 "Energy-optimal robot catching in real-time",
 booktitle =		 "Proceedings of the IEEE International Conference on Robotics and Automation (ICRA)",
 URL =			 "118",
 crossref =		 "p10398"
}

@inproceedings{Kroemer_ICRA_2011,
 author =		 "Kroemer, O. and  Peters, J. ",
 year =		 "2011",
 title =		 "A Flexible Hybrid Framework for Modeling Complex Manipulation Tasks",
 booktitle =		 "Proceedings of the IEEE International Conference on Robotics and Automation (ICRA)",
 key =			 "gert",
 URL =			 "120",
 crossref =		 "p10399"
}

@inproceedings{Kroemer_ADPRL_2011,
 author =		 "Kroemer, O. and  Peters, J.",
 year =		 "2011",
 title =		 "Active Exploration for Robot Parameter Selection in Episodic Reinforcement Learning",
 booktitle =		 "Proceedings of the 2011 IEEE International Symposium on Approximate Dynamic Programming and Reinforcement Learning (ADPRL)",
 key =			 "gert",
 URL =			 "122",
 crossref =		 "p10402"
}

@article{Kroemer_TRo_2011,
 author =		 "Kroemer, O. and  Lampert, C.H. and  Peters, J.",
 year =		 "2011",
 title =		 "Learning Dynamic Tactile Sensing with Robust Vision-based Training",
 booktitle =		 "IEEE Transactions on Robotics (T-Ro)",
 URL =			 "124",
 number =		 "3",
 pages =		 "545-557",
 crossref =		 "p10403"
}

@inproceedings{Boularias_IROS_2011,
 author =		 "Boularias, A. and  Kroemer, O. and  Peters, J.",
 year =		 "2011",
 title =		 "Learning Robot Grasping from 3D Images with Markov Random Fields",
 booktitle =		 "IEEE/RSJ International Conference on Intelligent Robot Systems (IROS)",
 key =			 "gert",
 URL =			 "126",
 crossref =		 "p10474"
}

@inproceedings{Kroemer2011NIPS,
 author =		 "Kroemer, O. and  Peters, J.",
 year =		 "2011",
 title =		 "A Non-Parametric Approach to Dynamic Programming",
 booktitle =		 "Advances in Neural Information Processing Systems 25 (NIPS 2011), Cambridge, MA: MIT Press.",
 key =			 "gert",
 URL =			 "128",
 crossref =		 "p10475"
}

@inproceedings{VanHoof_BNAIC_2011,
 author =		 "van Hoof, H.  and  van der Zant, T.  and  Wiering, M.A.",
 year =		 "2011",
 title =		 "Adaptive Visual Face Tracking for an Autonomous Robot",
 booktitle =		 "Proceedings of the Belgian-Dutch Artificial Intelligence Conference (BNAIC 11)",
 URL =			 "130",
 crossref =		 "p10483"
}

@article{Muelling_ABJ2011,
 author =		 "Muelling, K. and  Kober, J. and  Peters, J. ",
 year =		 "2011",
 title =		 "A Biomimetic Approach to Robot Table Tennis",
 booktitle =		 "Adaptive Behavior Journal",
 URL =			 "132",
 number =		 "5",
 crossref =		 "p10469"
}

@inproceedings{Bocsi_IROS_2011,
 author =		 "Bocsi, B. and  Nguyen-Tuong, D and  Csato, L and  Schoelkopf, B. and  Peters, J.",
 year =		 "2011",
 title =		 "Learning Inverse Kinematics with Structured Prediction",
 booktitle =		 "IEEE/RSJ International Conference on Intelligent Robot Systems (IROS)",
 URL =			 "134",
 crossref =		 "p10470"
}

@inproceedings{Wang_IROS_2011,
 author =		 "Wang, Z. and  Lampert, C and  Muelling, K and  Schoelkopf, B. and  Peters, J.",
 year =		 "2011",
 title =		 "Learning Anticipation Policies for Robot Table Tennis",
 booktitle =		 "IEEE/RSJ International Conference on Intelligent Robot Systems (IROS)",
 URL =			 "136",
 crossref =		 "p10471"
}

@inproceedings{Nguyen_IROS_2011,
 author =		 "Nguyen-Tuong, D. and  Peters, J.",
 year =		 "2011",
 title =		 "Learning Task-Space Tracking Control with Kernels",
 booktitle =		 "IEEE/RSJ International Conference on Intelligent Robot Systems (IROS)",
 URL =			 "138",
 crossref =		 "p10472"
}

@inproceedings{Kober_IROS_2011,
 author =		 "Kober, J. and  Peters, J.",
 year =		 "2011",
 title =		 "Learning Elementary Movements Jointly with a Higher Level Task",
 booktitle =		 "IEEE/RSJ International Conference on Intelligent Robot Systems (IROS)",
 URL =			 "140",
 crossref =		 "p10473"
}

@inproceedings{Gomez_ICORR_2011,
 author =		 "Gomez-Rodriguez, M. and  Grosse-Wentrup, M. and  Hill, J. and  Schoelkopf, B. and  Gharabaghi, A. and  Peters, J.",
 year =		 "2011",
 title =		 "Towards Brain-Robot Interfaces for Stroke Rehabilitation",
 booktitle =		 "Proceedings of the International Conference on Rehabilitation Robotics (ICORR)",
 URL =			 "142",
 crossref =		 "p10464"
}

@inproceedings{Wang_AAAI_2011,
 author =		 "Wang, Z. and  Boularias, A. and  Muelling, K. and  Peters, J.",
 year =		 "2011",
 title =		 "Balancing Safety and Exploitability in Opponent Modeling",
 booktitle =		 "Proceedings of the Twenty-Fifth National Conference on Artificial Intelligence (AAAI)",
 key =			 "gert",
 URL =			 "144",
 crossref =		 "p10465"
}

@article{Hachiya_NC2011,
 author =		 "Hachiya, H. and  Peters, j. and  Sugiyama, M.",
 year =		 "2011",
 title =		 "Reward Weighted Regression with Sample Reuse for Direct Policy Search in Reinforcement Learning",
 booktitle =		 "Neural Computation",
 URL =			 "146",
 number =		 "11",
 crossref =		 "p10466"
}

@article{Nguyen_CP_2011,
 author =		 "Nguyen-Tuong, D. and  Peters, J.",
 year =		 "2011",
 title =		 "Model Learning in Robotics: a Survey",
 booktitle =		 "Cognitive Processing",
 URL =			 "148",
 number =		 "4",
 crossref =		 "p10461"
}

@inproceedings{Kober_IJCAI_2011,
 author =		 "Kober, J. and  Oztop, E. and  Peters, J.",
 year =		 "2011",
 title =		 "Reinforcement Learning to adjust Robot Movements to New Situations",
 booktitle =		 "Proceedings of the International Joint Conference on Artificial Intelligence (IJCAI), Best Paper Track",
 URL =			 "150",
 crossref =		 "p10462"
}

@inproceedings{boularias11a,
 author =		 "Boularias, A. and  Kober, J. and  Peters, J.",
 year =		 "2011",
 title =		 "Relative Entropy Inverse Reinforcement Learning",
 booktitle =		 "Proceedings of Fourteenth International Conference on Artificial Intelligence and Statistics (AISTATS 2011)",
 key =			 "gert",
 URL =			 "152",
 crossref =		 "p10463"
}

@article{jzp049v1_58790,
 author =		 "Wierstra, D. and  Foerster, A. and  Peters, J. and  Schmidhuber, J.",
 year =		 "2010",
 title =		 "Recurrent Policy Gradients",
 booktitle =		 "Logic Journal of the IGPL",
 URL =			 "154",
 pages =		 "620-634",
 crossref =		 "p10217"
}

@inproceedings{RSS2010Kober_64380,
 author =		 "Kober, J. and  Oztop, E. and  Peters, J.",
 year =		 "2010",
 title =		 "Reinforcement Learning to adjust Robot Movements  to New Situations",
 booktitle =		 "Proceedings of Robotics: Science and Systems (R:SS)",
 URL =			 "156",
 crossref =		 "p10363"
}

@inproceedings{SAB2010Kroemer_64370,
 author =		 "Kroemer, O. and  Detry, R. and  Piater, J. and  Peters, J.",
 year =		 "2010",
 title =		 "Adapting Preshaped Grasping Movements  using Vision Descriptors",
 booktitle =		 " From Animals to Animats 11, International Conference on the  Simulation of Adaptive Behavior (SAB)",
 key =			 "gert",
 URL =			 "158",
 crossref =		 "p10364"
}

@inproceedings{ICINCO2010Kroemer_64360,
 author =		 "Kroemer, O. and  Detry, R. and  Piater, J. and  Peters, J.",
 year =		 "2010",
 title =		 "Grasping with Vision Descriptors and  Motor Primitives",
 booktitle =		 "Proceedings of the International Conference on Informatics in Control,  Automation and Robotics (ICINCO)",
 key =			 "gert",
 URL =			 "160",
 crossref =		 "p10365"
}

@inproceedings{SAB2010Muelling_66260,
 author =		 "Muelling, K. and  Kober, J. and  Peters, J.",
 year =		 "2010",
 title =		 "Simulating Human Table Tennis with a Biomimetic Robot Setup",
 booktitle =		 "From Animals to Animats 11, International Conference on the Simulation of  Adaptive Behavior (SAB)",
 URL =			 "162",
 crossref =		 "p10366"
}

@inproceedings{AISTATS2010NguyenTuong_0,
 author =		 "Nguyen-Tuong, D. and  Peters, J.",
 year =		 "2010",
 title =		 "Incremental Sparsification for Real-time Online Model Learning",
 booktitle =		 "Proceedings of Thirteenth International Conference on  Artificial Intelligence and Statistics (AISTATS 2010)",
 URL =			 "164",
 crossref =		 "p10350"
}

@article{kober_RAM_2010,
 author =		 "Kober, J. and  Peters, J.",
 year =		 "2010",
 title =		 "Imitation and Reinforcement Learning - Practical Algorithms for Motor Primitive Learning in Robotics",
 booktitle =		 "IEEE Robotics and Automation Magazine",
 URL =			 "166",
 number =		 "2",
 pages =		 "55-62",
 crossref =		 "p10351"
}

@article{KroemerJRAS_66360,
 author =		 "Kroemer, O. and  Detry, R. and  Piater, J. and  Peters, J.",
 year =		 "2010",
 title =		 "Combining Active Learning and Reactive Control for Robot Grasping ",
 booktitle =		 "Robotics and Autonomous Systems",
 key =			 "gert",
 URL =			 "168",
 number =		 "9",
 pages =		 "1105-1116",
 crossref =		 "p10357"
}

@inbook{LGP_IROS_Chapter_62330,
 author =		 "Nguyen-Tuong, D. and  Seeger, M. and  Peters, J.",
 year =		 "2010",
 title =		 "Real-Time Local GP Model Learning",
 booktitle =		 "From Motor Learning to Interaction Learning in Robots, Springer Verlag",
 URL =			 "170",
 number =		 "264",
 crossref =		 "p10317"
}

@inbook{EncyclopediaMachineLearningPetersRobotLearning_0,
 author =		 "Peters, J. and  Tedrake, R. and  Roy, N. and  Morimoto, J.",
 year =		 "2010",
 title =		 "Robot Learning",
 booktitle =		 "Encyclopedia of Machine Learning",
 URL =			 "172",
 crossref =		 "p10318"
}

@book{9783642051814,
 author =		 "Sigaud, O. and  Peters, J.",
 year =		 "2010",
 title =		 "From Motor Learning to Interaction Learning in Robots",
 booktitle =		 "Studies in Computational Intelligence, Springer Verlag",
 URL =			 "174",
 number =		 "264",
 crossref =		 "p10319"
}

@inbook{Imitation20and20Reinforcement20Learning20for20Motor20Primitives20with20Perceptual20Coupling_62340,
 author =		 "Kober,J. and  Mohler, B. and  Peters, J.",
 year =		 "2010",
 title =		 "Imitation and Reinforcement Learning for Motor Primitives with Perceptual Coupling",
 booktitle =		 "From Motor Learning to Interaction Learning in Robots, Springer Verlag",
 URL =			 "176",
 crossref =		 "p10320"
}

@inproceedings{Peters2010_REPS,
 author =		 "Peters, J. and  Muelling, K. and  Altun, Y.",
 year =		 "2010",
 title =		 "Relative Entropy Policy Search",
 booktitle =		 "Proceedings of the Twenty-Fourth National Conference on Arti&#64257;cial Intelligence (AAAI), Physically Grounded AI Track",
 URL =			 "178",
 crossref =		 "p10362"
}

@inproceedings{ICRA2010Kober_62311,
 author =		 "Kober,J. and  Muelling,K. and  Kroemer, O. and  Lampert,C.H. and  Schoelkopf, B. and  Peters, J.",
 year =		 "2010",
 title =		 "Movement Templates for Learning of Hitting and Batting",
 booktitle =		 "IEEE International Conference on Robotics and Automation (ICRA)",
 URL =			 "180",
 crossref =		 "p10314"
}

@inproceedings{ICRA2010NguyenTuong_62320,
 author =		 "Nguyen-Tuong, D. and  Peters, J.",
 year =		 "2010",
 title =		 "Using Model Knowledge for Learning Inverse Dynamics",
 booktitle =		 "IEEE International Conference on Robotics and Automation",
 URL =			 "182",
 crossref =		 "p10315"
}

@article{NeuralNetworks2010Sehnke_0,
 author =		 "Sehnke, F. and  Osendorfer, C. and  Rueckstiess, T. and  Graves, A. and  Peters, J. and  Schmidhuber, J.",
 year =		 "2010",
 title =		 "Parameter-exploring Policy Gradients",
 booktitle =		 "Neural Networks",
 URL =			 "184",
 crossref =		 "p10311"
}

@inbook{Peters_EOMLA_submitted,
 author =		 "Peters, J. and  Bagnell, J.A.",
 year =		 "2010",
 title =		 "Policy gradient methods",
 booktitle =		 "Encyclopedia of Machine Learning (invited article)",
 URL =			 "186",
 crossref =		 "p10302"
}

@article{Morimura_NC_2010,
 author =		 "Morimura, T. and  Uchibe, E. and  Yoshimoto, J. and  Peters, J. and  Doya, K.",
 year =		 "2010",
 title =		 "Derivatives of Logarithmic Stationary Distributions for Policy Gradient Reinforcement Learning",
 booktitle =		 "Neural Computation",
 URL =			 "188",
 number =		 "2",
 crossref =		 "p10297"
}

@inbook{Detry2010MotorInteractionLearning_0,
 author =		 "Detry,R. and  Baseski, E. and  Popovic, M. and  Touati, Y. and  Krueger, N. and  Kroemer, O. and   Peters, J. and  Piater, J.",
 year =		 "2010",
 title =		 "Learning Continuous Grasp Affordances by Sensorimotor Exploration",
 booktitle =		 "From Motor Learning to Interaction Learning in Robots, Springer Verlag",
 URL =			 "190",
 number =		 "264",
 crossref =		 "p10326"
}

@inproceedings{erkan_IROS_2010,
 author =		 "Erkan,A.: Kroemer,O. and  Detry,R. and  Altun,Y. and  Piater,J. and  Peters,J.",
 year =		 "2010",
 title =		 "Learning Probabilistic Discriminative Models of Grasp Affordances under Limited Supervision",
 booktitle =		 "Proceedings of the IEEE/RSJ International Conference on Intelligent Robots and Systems (IROS)",
 key =			 "gert",
 URL =			 "192",
 crossref =		 "p10370"
}

@inproceedings{Muelling_ABJ2011,
 author =		 "Muelling, K. and  Kober, J. and  Peters, J.",
 year =		 "2010",
 title =		 "A Biomimetic Approach to Robot Table Tennis",
 booktitle =		 "Proceedings of the IEEE/RSJ International Conference on Intelligent Robots and Systems (IROS)",
 URL =			 "194",
 crossref =		 "p10371"
}

@inproceedings{ICPRWBD2010GomezRodriguez_0,
 author =		 "Gomez-Rodriguez, M. and  Grosse-Wentrup, M. and  Peters, J. and  Naros, G. and  Hill, J. and  Gharabaghi, A. and Schoelkopf, B.",
 year =		 "2010",
 title =		 "Epidural ECoG Online Decoding of Arm Movement Intention in Hemiparesis",
 booktitle =		 "1st ICPR Workshop on Brain Decoding: Pattern Recognition Challenges in Neuroimaging",
 URL =			 "196",
 crossref =		 "p10372"
}

@inproceedings{eegsmc2010_65910,
 author =		 "Gomez-Rodriguez, M. and  Peters, J. and  Hill, J. and  Schoelkopf, B. and  Gharabaghi, A. and  Grosse-Wentrup, M.",
 year =		 "2010",
 title =		 "Closing the Sensorimotor Loop: Haptic Feedback Facilitates Decoding of Arm Movement Imagery",
 booktitle =		 "Proceedings of the IEEE International Conference on Systems, Man, and Cybernetics  (Workshop on Brain-Machine Interfaces)",
 URL =			 "198",
 crossref =		 "p10373"
}

@inproceedings{,
 author =		 "Gomez Rodriguez, M. and  Peters, J. and  Hill, J. and  Gharabaghi, A. and  Schoelkopf, B. and  Grosse-Wentrup, M.",
 year =		 "2010",
 title =		 "BCI and robotics framework for stroke rehabilitation",
 booktitle =		 "Proceedings of the 4th International BCI Meeting, May 31 - June 4, 2010. Asilomar, CA, USA",
 URL =			 "200",
 crossref =		 "p10374"
}

@inproceedings{lamperteccv2010,
 author =		 "Lampert, C. H. and  Kroemer, O.",
 year =		 "2010",
 title =		 "Weakly-Paired Maximum Covariance Analysis for Multimodal Dimensionality Reduction and Transfer Learning",
 booktitle =		 "Proceedings of the 11th European Conference on Computer Vision (ECCV 2010)",
 URL =			 "202",
 crossref =		 "p10389"
}

@inproceedings{Chiappa_NIPS_2011,
 author =		 "Chiappa, S. and  Peters, J.",
 year =		 "2010",
 title =		 "Movement extraction by detecting dynamics switches and	repetitions",
 booktitle =		 "Advances in Neural Information Processing Systems 24 (NIPS 2010), Cambridge, MA: MIT Press",
 URL =			 "204",
 crossref =		 "p10390"
}

@inproceedings{Alvarez_NIPS_2011,
 author =		 "Alvaro, M. and  Peters, J. and  Schoelfkopf, B. and  Lawrence, N.",
 year =		 "2010",
 title =		 "Switched Latent Force Models for Movement Segmentation",
 booktitle =		 "Advances in Neural Information Processing Systems 24 (NIPS 2010), Cambridge, MA: MIT Press",
 URL =			 "206",
 crossref =		 "p10391"
}

@article{Peters_A_2010,
 author =		 "Peters, J. and Kober, J. and Schaal, S.",
 year =		 "2010",
 title =		 "Policy learning algorithmis for motor learning (Algorithmen zum automatischen Erlernen von Motorfaehigkigkeiten)",
 booktitle =		 "Automatisierungstechnik",
 key =			 "reinforcement leanring, motor skills",
 URL =			 "208",
 number =		 "12",
 pages =		 "688-694",
 crossref =		 "p10417"
}

@inproceedings{Muelling_ICHR_2012,
 author =		 "Muelling, K. and  Kober, J. and  Peters, J.",
 year =		 "2010",
 title =		 "Learning Table Tennis with a Mixture of Motor Primitives",
 booktitle =		 "10th IEEE-RAS International Conference on Humanoid Robots (Humanoids 2010)",
 URL =			 "210",
 crossref =		 "p10560"
}

@inproceedings{Peters_ISER_2010,
 author =		 "Peters, J. and  Muelling, K. and  Kober, J.",
 year =		 "2010",
 title =		 "Experiments with Motor Primitives to learn Table Tennis",
 booktitle =		 "12th International Symposium on Experimental Robotics (ISER 2010)",
 crossref =		 "p10562"
}

@inproceedings{hachiya_ECML2009,
 author =		 "Hachiya, H. and  Peters, J. and  Sugiyama, M.",
 year =		 "2009",
 title =		 "Efficient Sample Reuse in EM-based Policy Search",
 booktitle =		 "Proceedings of the 16th European Conference on Machine Learning (ECML 2009)",
 URL =			 "212",
 crossref =		 "p10298"
}

@inproceedings{Peters_ISRR2009,
 author =		 "Peters, J. and  Kober, J. and  Muelling, K. and  Nguyen-Tuong, D. and  Kroemer, O.",
 year =		 "2009",
 title =		 "Towards Motor Skill Learning for Robotics",
 booktitle =		 "Proceedings of the International Symposium on Robotics Research (ISRR), Invited Paper",
 URL =			 "214",
 crossref =		 "p10300"
}

@inproceedings{nguyen_NIPS2008,
 author =		 "Nguyen-Tuong, D. and  Seeger, M. and  Peters, J.",
 year =		 "2009",
 title =		 "Local Gaussian Process Regression for Real Time Online Model Learning and Control",
 booktitle =		 "Advances in Neural Information Processing Systems 22 (NIPS 2008), Cambridge, MA: MIT Press",
 URL =			 "216",
 crossref =		 "p10194"
}

@inproceedings{neumann_NIPS2008,
 author =		 "Neumann, G. and  Peters, J.",
 year =		 "2009",
 title =		 "Fitted Q-iteration by Advantage Weighted Regression",
 booktitle =		 "Advances in Neural Information Processing Systems 22 (NIPS 2008), Cambridge, MA: MIT Press",
 URL =			 "218",
 crossref =		 "p10196"
}

@article{hachiyaAdaptiveImportanceSampling_55300,
 author =		 "Hachiya,H. and  Akiyama, T. and  Sugiyama, M. and  Peters, J.",
 year =		 "2009",
 title =		 "Adaptive Importance Sampling for Value Function Approximation in Off-policy Reinforcement Learning",
 booktitle =		 "Neural Networks",
 key =			 "off-policy reinforcement learning and  value function approximation and  policy iteration and  adaptive importance sampling and  importance-weighted cross-validation and  efficient sample reuse",
 URL =			 "220",
 number =		 "10",
 pages =		 "1399-1410",
 crossref =		 "p10198"
}

@inproceedings{kober_NIPS2008,
 author =		 "Kober, J. and  Peters, J.",
 year =		 "2009",
 title =		 "Policy Search for Motor Primitives in Robotics",
 booktitle =		 "Advances in Neural Information Processing Systems 22 (NIPS 2008), Cambridge, MA: MIT Press",
 URL =			 "222",
 crossref =		 "p10192"
}

@inproceedings{chiappa_NIPS2008,
 author =		 "Chiappa, S. and  Kober, J. and  Peters, J.",
 year =		 "2009",
 title =		 "Using Bayesian Dynamical Systems for Motion Template Libraries",
 booktitle =		 "Advances in Neural Information Processing Systems 22 (NIPS 2008), Cambridge, MA: MIT Press",
 URL =			 "224",
 crossref =		 "p10193"
}

@article{Neurocomputing2009DeisenrothPreprint_55310,
 author =		 "Deisenroth, M.P. and  Rasmussen, C.E. and  Peters, J.",
 year =		 "2009",
 title =		 "Gaussian Process Dynamic Programming",
 booktitle =		 "Neurocomputing",
 URL =			 "226",
 number =		 "72",
 pages =		 "1508-1524",
 crossref =		 "p10200"
}

@inproceedings{AIStats2009Hoffman_56580,
 author =		 "Hoffman, M. and  de Freitas, N.  and  Doucet, A. and  Peters, J.",
 year =		 "2009",
 title =		 "An Expectation Maximization Algorithm for Continuous Markov Decision Processes with Arbitrary Reward",
 booktitle =		 "Proceedings of the Twelfth International Conference on Artificial Intelligence and Statistics (AIStats)",
 URL =			 "228",
 crossref =		 "p10204"
}

@inproceedings{peters_ADPRL_2009,
 author =		 "Peters, J. and  Kober, J.",
 year =		 "2009",
 title =		 "Using Reward-Weighted Imitation for Robot Reinforcement Learning",
 booktitle =		 "Proceedings of the 2009 IEEE International Symposium on Approximate Dynamic Programming and Reinforcement Learning.",
 URL =			 "230",
 crossref =		 "p10205"
}

@inproceedings{ADPRL2009Hachiya_0,
 author =		 "Hachiya, H. and  Akiyama, T. and  Sugiyama, M. and  Peters, J.",
 year =		 "2009",
 title =		 "Efficient Data Reuse in Value Function Approximation",
 booktitle =		 "Proceedings of the 2009 IEEE International Symposium on Approximate Dynamic Programming and Reinforcement Learning.",
 URL =			 "232",
 crossref =		 "p10206"
}

@inproceedings{ICRA2009Kober_56610,
 author =		 "Kober, J. and  Peters, J.",
 year =		 "2009",
 title =		 "Learning Motor Primitives for Robotics",
 booktitle =		 "Proceedings of the IEEE International Conference on Robotics and Automation (ICRA)",
 URL =			 "234",
 crossref =		 "p10207"
}

@inproceedings{Piater_POTISORRIP_2009,
 author =		 "Piater, J. and  Jodogne, S. and  Detry, R. and  Kraft, D. and  Krueger, N. and   Kroemer, O. and  Peters, J.",
 year =		 "2009",
 title =		 "Learning Visual Representations for Interactive Systems",
 booktitle =		 "Proceedings of the International Symposium on Robotics Research (ISRR), Invited Paper",
 URL =			 "236",
 crossref =		 "p10299"
}

@inproceedings{paper_16,
 author =		 "Kober, J. and  Peters,  J. ",
 year =		 "2009",
 title =		 "Learning new basic Movements for Robotics ",
 booktitle =		 "Proceedings of Autonome Mobile Systeme (AMS 2009)",
 URL =			 "238",
 crossref =		 "p10322"
}

@inproceedings{paper_10,
 author =		 "Muelling, K. and  Peters, J.",
 year =		 "2009",
 title =		 "A computational model of human table tennis for robot application",
 booktitle =		 "Proceedings of Autonome Mobile Systeme (AMS 2009)",
 URL =			 "240",
 crossref =		 "p10323"
}

@inproceedings{kroemer_IROS_2009,
 author =		 "Kroemer, O. and  Detry, R. and  Piater, J. and  Peters, J.",
 year =		 "2009",
 title =		 "Active Learning Using Mean Shift Optimization for Robot Grasping",
 booktitle =		 "Proceedings of the 2009 IEEE/RSJ International Conference on Intelligent Robots and Systems (IROS 2009)",
 URL =			 "242",
 crossref =		 "p10324"
}

@inproceedings{IROS2009,
 author =		 "Nguyen-Tuong, D. and  Schoelkopf, B. and  Peters, J.",
 year =		 "2009",
 title =		 "Sparse Online Model Learning for Robot Control with Support Vector Regression",
 booktitle =		 "Proceedings of the 2009 IEEE/RSJ International Conference on Intelligent Robots and Systems (IROS 2009)",
 URL =			 "244",
 crossref =		 "p10325"
}

@article{s1051400991311,
 author =		 "Peters, J. and  Ng, A.",
 year =		 "2009",
 title =		 "Guest Editorial: Special Issue on Robot Learning, Part B",
 booktitle =		 "Autonomous Robots",
 URL =			 "246",
 number =		 "2",
 crossref =		 "p10312"
}

@inproceedings{JNRR2009Sigaud_0,
 author =		 "Sigaud, O. and  Peters, J.",
 year =		 "2009",
 title =		 "From Motor Learning to Interaction Learning in Robots",
 booktitle =		 "Proceedings of Journees Nationales de la Recherche en Robotique",
 URL =			 "248",
 crossref =		 "p10313"
}

@inproceedings{ICML2009Neumann_0,
 author =		 "Neumann, G. and  Maass, W and  Peters, J.",
 year =		 "2009",
 title =		 "Learning Complex Motions by Sequencing Simpler Motion Templates",
 booktitle =		 "Proceedings of the International Conference on Machine Learning (ICML2009)",
 URL =			 "250",
 crossref =		 "p10290"
}

@inproceedings{ICDL2009Detry_0,
 author =		 "Detry, R and  Baseski, E. and  Popovic, M. and  Touati, Y. and  Krueger, N and  Kroemer, O. and  Peters, J. and  Piater, J and ",
 year =		 "2009",
 title =		 "Learning Object-specific Grasp Affordance Densities",
 booktitle =		 "Proceedings of the International Conference on Development &  Learning (ICDL 2009)",
 URL =			 "252",
 crossref =		 "p10291"
}

@article{NguyenTuongModelLearningLocalGaussianl_60670,
 author =		 "Nguyen-Tuong, D. and  Seeger, M. and  Peters, J.",
 year =		 "2009",
 title =		 "Model Learning with Local Gaussian Process Regression",
 booktitle =		 "Advanced Robotics",
 URL =			 "254",
 number =		 "15",
 pages =		 "2015-2034",
 crossref =		 "p10301"
}

@article{index,
 author =		 "Kober, J. and  Peters, J.",
 year =		 "2009",
 title =		 "Reinforcement Learning fuer Motor-Primitive",
 booktitle =		 "Kuenstliche Intelligenz",
 URL =			 "256",
 crossref =		 "p10292"
}

@article{MRA2009,
 author =		 "Peters, J. and  Morimoto, J. and  Tedrake, R. and  Roy, N.",
 year =		 "2009",
 title =		 "Robot Learning",
 booktitle =		 "IEEE Robotics & Automation Magazine",
 key =			 "robot learning, tc spotlight",
 URL =			 "258",
 number =		 "3",
 pages =		 "19-20",
 crossref =		 "p10294"
}

@article{s1051400991311,
 author =		 "Peters, J. and  Ng, A.",
 year =		 "2009",
 title =		 "Guest Editorial: Special Issue on Robot Learning, Part A",
 booktitle =		 "Autonomous Robots",
 URL =			 "260",
 number =		 "1",
 crossref =		 "p10295"
}

@inproceedings{DAGM2009Lampert_0,
 author =		 "Lampert, C.H. and  Peters, J.",
 year =		 "2009",
 title =		 "Active Structured Learning for High-Speed Object Detection",
 booktitle =		 " Proceedings of the DAGM (Pattern Recognition)",
 URL =			 "262",
 crossref =		 "p10296"
}

@inproceedings{ICCP09GomezRodriguez_54910,
 author =		 "Gomez Rodriguez, M. and  Kober, J. and  Schoelkopf, B.",
 year =		 "2009",
 title =		 "Denoising photographs using dark frames optimized by quadratic programming",
 booktitle =		 "Proceedings of the First IEEE International Conference on Computational Photography (ICCP 2009)",
 URL =			 "264",
 crossref =		 "p10400"
}

@inproceedings{deisenroth_ACC2008,
 author =		 "Deisenroth, M.P. and  Peters, J. and  Rasmussen, C.E.",
 year =		 "2008",
 title =		 "Approximate Dynamic Programming with Gaussian Processes",
 booktitle =		 "American Control Conference",
 URL =			 "266",
 crossref =		 "p10148"
}

@inproceedings{NguyenTuong_ACC2008,
 author =		 "Nguyen-Tuong, D. and  Peters, J. and  Seeger, M. and  Schoelkopf, B.",
 year =		 "2008",
 title =		 "Computed Torque Control with Nonparametric Regressions Techniques",
 booktitle =		 "American Control Conference",
 URL =			 "268",
 crossref =		 "p10149"
}

@inproceedings{deisenroth_ESANN2008,
 author =		 "Deisenroth, M.P. and  Rasmussen, C.E. and  Peters, J.",
 year =		 "2008",
 title =		 "Model-Based Reinforcement Learning with Continuous States and Actions",
 booktitle =		 "Proceedings of the European Symposium on Artificial Neural Networks (ESANN 2008)",
 URL =			 "270",
 pages =		 "19-24",
 crossref =		 "p10155"
}

@article{Steinke_EGFinal1049,
 author =		 "Steinke, F. and  Hein, M. and  Peters, J. and  Schoelkopf, B",
 year =		 "2008",
 title =		 "Manifold-valued Thin-Plate Splines with Applications in Computer Graphics",
 booktitle =		 "Computer Graphics Forum (Special Issue on Eurographics 2008)",
 URL =			 "272",
 number =		 "2",
 crossref =		 "p10154"
}

@inproceedings{Nguyen-Tuong_PESANN_2008,
 author =		 "Nguyen-Tuong, D. and  Peters, J. and  Seeger, M. and  Schoelkopf, B.",
 year =		 "2008",
 title =		 "Learning Inverse Dynamics: a Comparison",
 booktitle =		 "Proceedings of the European Symposium on Artificial Neural Networks (ESANN 2008)",
 crossref =		 "p10156"
}

@inproceedings{petersICRA2008,
 author =		 "Peters, J. and  Nguyen-Tuong, D.",
 year =		 "2008",
 title =		 "Real-Time Learning of Resolved Velocity Control on a Mitsubishi PA-10",
 booktitle =		 "International Conference on Robotics and Automation (ICRA)",
 URL =			 "274",
 crossref =		 "p10151"
}

@inproceedings{hachiyaAAAI08,
 author =		 "Hachiya, H. and  Akiyama, T. and  Sugiyama, M. and  Peters, J.",
 year =		 "2008",
 title =		 "Adaptive Importance Sampling with Automatic Model Selection in Value Function Approximation",
 booktitle =		 "Proceedings of the Twenty-Third National Conference on Artificial Intelligence (AAAI 2008)",
 URL =			 "276",
 crossref =		 "p10163"
}

@inproceedings{nguyen_IROS2008,
 author =		 "Nguyen-Tuong, D. and  Peters, J.",
 year =		 "2008",
 title =		 "Local Gaussian Processes Regression for Real-time Model-based Robot Control",
 booktitle =		 "International Conference on Intelligent Robot Systems (IROS)",
 URL =			 "278",
 crossref =		 "p10170"
}

@inproceedings{kober_IROS2008,
 author =		 "Kober, J. and  Mohler, B. and  Peters, J.",
 year =		 "2008",
 title =		 "Learning Perceptual Coupling for Motor Primitives",
 booktitle =		 "International Conference on Intelligent Robot Systems (IROS)",
 URL =			 "280",
 crossref =		 "p10171"
}

@book{Lesperance_JPGI_2008,
 author =		 "Lesperance, Y. and  Lakemeyer, G. and  Peters, J. and  Pirri, F.",
 year =		 "2008",
 title =		 "Proceedings of the 6th International Cognitive Robotics Workshop (CogRob 2008)",
 booktitle =		 "July 21-22, 2008, Patras, Greece, ISBN 978-960-6843-09-9",
 crossref =		 "p10195"
}

@inproceedings{wierstra_PPSN08,
 author =		 "Wierstra, D. and   Schaul, T. and  Peters, J. and  Schmidthuber, J.",
 year =		 "2008",
 title =		 "Fitness Expectation Maximization",
 booktitle =		 "10th International Conference on Parallel Problem Solving from Nature (PPSN 2008)",
 URL =			 "282",
 crossref =		 "p10189"
}

@article{Nakanishi_IJRR_2008,
 author =		 "Nakanishi, J. and Cory, R. and Mistry, M. and Peters, J. and Schaal, S.",
 year =		 "2008",
 title =		 "Operational space control: A theoretical and emprical comparison",
 booktitle =		 "International Journal of Robotics Research",
 key =			 "task space control, operational space control, redundancy resolution, humanoid robotics",
 URL =			 "284",
 number =		 "6",
 pages =		 "737-757",
 crossref =		 "p3236"
}

@inproceedings{wierstra_ICANN08,
 author =		 "Wierstra,D. and  Schaul,T. and  Peters, J. and  Schmidhuber, J.",
 year =		 "2008",
 title =		 "Episodic Reinforcement Learning by Logistic Reward-Weighted Regression",
 booktitle =		 "Proceedings of the International Conference on Artificial Neural Networks (ICANN)",
 URL =			 "286",
 crossref =		 "p10183"
}

@inproceedings{sehnke_ICANN2008,
 author =		 "Sehnke, F. and  Osendorfer, C and  Rueckstiess, T and  Graves, A. and  Peters, J. and  Schmidhuber, J.",
 year =		 "2008",
 title =		 "Policy Gradients with Parameter-based Exploration for Control",
 booktitle =		 "Proceedings of the International Conference on Artificial Neural Networks (ICANN)",
 URL =			 "288",
 crossref =		 "p10184"
}

@book{refsr_1_1ieUTF8sbooksqid1220658804sr81,
 author =		 "Peters, J.",
 year =		 "2008",
 title =		 "Machine Learning for Robotics",
 booktitle =		 "VDM-Verlag, ISBN 978-3-639-02110-3",
 URL =			 "290",
 ISBN/ISSN =		 "ISBN 978-3-639-02110-3",
 crossref =		 "p10185"
}

@inproceedings{peters_EWRL2008,
 author =		 "Peters, J. and  Kober, J. and  Nguyen-Tuong, D.",
 year =		 "2008",
 title =		 "Policy Learning - a unified perspective with applications in robotics",
 booktitle =		 "Proceedings of the European Workshop on Reinforcement Learning (EWRL)",
 key =			 "reinforcement learning, policy gradient, weighted regression",
 URL =			 "292",
 crossref =		 "p10186"
}

@inproceedings{Kober_PEWRL_2008,
 author =		 "Kober, J. and  Peters, J.",
 year =		 "2008",
 title =		 "Reinforcement Learning of Perceptual Coupling for Motor Primitives",
 booktitle =		 "Proceedings of the European Workshop on Reinforcement Learning (EWRL)",
 crossref =		 "p10187"
}

@article{Peters_KI_2008,
 author =		 "Peters, J.",
 year =		 "2008",
 title =		 "Machine Learning for Motor Skills in Robotics",
 booktitle =		 "Kuenstliche Intelligenz",
 key =			 "motor control, motor primitives, motor learning",
 URL =			 "294",
 number =		 "3",
 crossref =		 "p10188"
}

@inproceedings{nguyen_ECSIS2008,
 author =		 "Nguyen-Tuong, D. and  Peters, J.",
 year =		 "2008",
 title =		 "Learning Robot Dynamics for Computed Torque Control using Local Gaussian Processes Regression",
 booktitle =		 "Proceedings of the ECSIS Symposium on Learning and Adaptive Behavior in Robotic Systems, LAB-RS 2008",
 URL =			 "296",
 crossref =		 "p10191"
}

@article{Peters_N_2008,
 author =		 "Peters, J. and Schaal, S.",
 year =		 "2008",
 title =		 "Natural actor critic",
 booktitle =		 "Neurocomputing",
 key =			 "reinforcement learning, policy gradient, natural actor-critic, natural gradients",
 URL =			 "298",
 number =		 "7-9",
 pages =		 "1180-1190",
 crossref =		 "p10233"
}

@article{Peters_IJRR_2008,
 author =		 "Peters, J. and Schaal, S.",
 year =		 "2008",
 title =		 "Learning to control in operational space",
 booktitle =		 "International Journal of Robotics Research",
 key =			 "operational space control, learning, em algorithm, redundancy resolution, reinforcement learning",
 URL =			 "300",
 pages =		 "197-212",
 crossref =		 "p10235"
}

@article{Peters_NN_2008,
 author =		 "Peters, J. and Schaal, S.",
 year =		 "2008",
 title =		 "Reinforcement learning of motor skills with policy gradients",
 booktitle =		 "Neural Networks",
 key =			 "reinforcement learning, policy gradient methods, natural gradients, natural actor-critic, motor skills, motor primitives",
 URL =			 "302",
 number =		 "4",
 pages =		 "682-97",
 ISBN/ISSN =		 "0893-6080 (Print)",
 crossref =		 "p10271"
}

@article{Peters_AR_2008,
 author =		 "Peters, J. and Mistry, M. and Udwadia, F. E. and Nakanishi, J. and Schaal, S.",
 year =		 "2008",
 title =		 "A unifying framework for robot control with redundant DOFs",
 booktitle =		 "Autonomous Robots",
 key =			 "operational space control, inverse control, dexterous manipulation, optimal control",
 number =		 "1",
 pages =		 "1-12"
}

@phdthesis{DiplomaThesisKober_53310,
 author =		 "Kober, J.",
 year =		 "2008",
 title =		 "Reinforcement Learning for Motor Primitives",
 booktitle =		 "Dipl-Ing Thesis, University of Stuttgart",
 URL =			 "306",
 crossref =		 "p10401"
}

@article{Peters_TCJ_2007,
 author =		 "Peters, J.",
 year =		 "2007",
 title =		 "Computational Intelligence: By Amit Konar",
 booktitle =		 "The Computer Journal",
 key =			 "book review",
 number =		 "6",
 pages =		 "758",
 crossref =		 "p10137"
}

@inproceedings{peters_ICONIP2007,
 author =		 "Peters, J. and  Schaal, S.",
 year =		 "2007",
 title =		 "Policy Learning for Motor Skills",
 booktitle =		 "Proceedings of 14th International Conference on Neural Information Processing (ICONIP)",
 key =			 "machine learning, reinforcement learning, robotics, motor primitives, policy gradients, natural actor-critic, reward-weighted regression",
 URL =			 "308",
 crossref =		 "p10136"
}

@inproceedings{Wierstra_ICANN_2007,
 author =		 "Wierstra, D. and  Foerster, A. and  Peters, J. and  Schmidhuber, J.",
 year =		 "2007",
 title =		 "Solving Deep Memory POMDPs with Recurrent Policy Gradients",
 booktitle =		 "Proceedings of the International Conference on Artificial Neural Networks (ICANN)",
 key =			 "policy gradients, reinforcement learning",
 URL =			 "310",
 crossref =		 "p10132"
}

@inproceedings{Peters_POAMS_2007,
 author =		 "Peters, J. and  Schaal, S. and  Schoelkopf, B.",
 year =		 "2007",
 title =		 "Towards Machine Learning of Motor Skills",
 booktitle =		 "Proceedings of Autonome Mobile Systeme (AMS)",
 key =			 "motor skill learning, robotics, natural actor-critic, reward-weighted regeression",
 URL =			 "312",
 crossref =		 "p10121"
}

@inproceedings{Theodorou_AMSN_2007,
 author =		 "Theodorou, E and  Peters, J. and  Schaal, S.",
 year =		 "2007",
 title =		 "Reinforcement Learning for Optimal Control of Arm Movements",
 booktitle =		 "Abstracts of the 37st Meeting of the Society of Neuroscience.",
 key =			 "optimal control,reinforcement learning, arm movements",
 crossref =		 "p10123"
}

@inproceedings{Nakanishi_IICIRS_2007,
 author =		 "Nakanishi, J. and Mistry, M. and Peters, J. and Schaal, S.",
 year =		 "2007",
 title =		 "Experimental evaluation of task space position/orientation control towards compliant control for humanoid robots",
 booktitle =		 "IEEE International Conference on Intelligent Robotics Systems (IROS 2007)",
 key =			 "operational space control, quaternion, task space control, resolved motion rate control, resolved acceleration, force control",
 URL =			 "314",
 crossref =		 "p3019"
}

@phdthesis{Peters_PTDCSUSC_2007,
 author =		 "Peters, J.",
 year =		 "2007",
 title =		 "Machine Learning of Motor Skills for Robotics",
 booktitle =		 "Ph.D. Thesis, Department of Computer Science, University of Southern California",
 key =			 "machine learning, reinforcement learning, robotics, motor primitives, policy gradients, natural actor-critic, reward-weighted regression",
 crossref =		 "p10135"
}

@inproceedings{Peters_ICRA_2007,
 author =		 "Peters, J. and Schaal, S.",
 year =		 "2007",
 title =		 "Reinforcement learning for operational space control",
 booktitle =		 "International Conference on Robotics and Automation (ICRA2007)",
 key =			 "operational space control, reinforcement learning, weighted regression, em-algorithm",
 URL =			 "316",
 pages =		 "2111-2116",
 crossref =		 "p2670"
}

@inproceedings{Peters_PIISADPRL_2007,
 author =		 "Peters, J. and Schaal, S.",
 year =		 "2007",
 title =		 "Using reward-weighted regression for reinforcement learning of task space control",
 booktitle =		 "Proceedings of the 2007 IEEE International Symposium on Approximate Dynamic Programming and Reinforcement Learning",
 key =			 "reinforcement learning, cart-pole, policy gradient methods",
 URL =			 "318",
 crossref =		 "p2672"
}

@inproceedings{Peters_PESANN_2007,
 author =		 "Peters, J. and Schaal, S.",
 year =		 "2007",
 title =		 "Applying the episodic natural actor-critic architecture to motor primitive learning",
 booktitle =		 "Proceedings of the 2007 European Symposium on Artificial Neural Networks (ESANN)",
 key =			 "reinforcement learning, policy gradient methods, motor primitives, natural actor-critic",
 URL =			 "320",
 crossref =		 "p2673"
}

@inproceedings{Peters_PICML_2007,
 author =		 "Peters, J. and Schaal, S.",
 year =		 "2007",
 title =		 "Reinforcement learning by reward-weighted regression for operational space control",
 booktitle =		 "Proceedings of the International Conference on Machine Learning (ICML2007)",
 key =			 "reinforcement learning, operational space control, weighted regression",
 URL =			 "322",
 crossref =		 "p2675"
}

@inproceedings{Peters_ICAPS_2007,
 author =		 "Peters, J. and Theodorou, E. and Schaal, S.",
 year =		 "2007",
 title =		 "Policy gradient methods for machine learning",
 booktitle =		 "INFORMS Conference of the Applied Probability Society",
 key =			 "policy gradient methods, reinforcement learning, simulation-optimization",
 crossref =		 "p2674"
}

@inproceedings{Riedmiller_PIISADPRL_2007,
 author =		 "Riedmiller, M. and Peters, J. and Schaal, S.",
 year =		 "2007",
 title =		 "Evaluation of policy gradient methods and variants on the cart-pole benchmark",
 booktitle =		 "Proceedings of the 2007 IEEE International Symposium on Approximate Dynamic Programming and Reinforcement Learning",
 key =			 "reinforcement learning, cart-pole, policy gradient methods",
 URL =			 "324",
 crossref =		 "p2654"
}

@techreport{PetersTR2007,
 author =		 "Peters, J.",
 year =		 "2007",
 title =		 "Relative Entropy Policy Search",
 booktitle =		 "CLMC Technical Report: TR-CLMC-2007-2",
 key =			 "relative entropy, policy search, natural policy gradient",
 URL =			 "326",
 note =		 "A longer and more complete version is under preparation.",
 crossref =		 "p10376"
}

@inproceedings{Peters_RSS_2006,
 author =		 "Peters, J. and Schaal, S.",
 year =		 "2006",
 title =		 "Learning oper
ational space control",
 booktitle =		 "Robotics: Science and Systems (RSS 2006)",
 key =			 "operational space control redundancy forward models inverse models compliance reinforcement leanring locally weighted learning",
 URL =			 "328",
 publisher =		 "cambridge, ma: mit press",
 crossref =		 "p2583"
}

@inproceedings{Peters_PIJCNN_2006,
 author =		 "Peters, J. and Schaal, S.",
 year =		 "2006",
 title =		 "Reinforcement Learning for Parameterized Motor Primitives",
 booktitle =		 "Proceedings of the 2006 International Joint Conference on Neural Networks (IJCNN)",
 key =			 "motor primitives, reinforcement learning",
 URL =			 "330",
 crossref =		 "p2656"
}

@inproceedings{Ting_RSS_2006,
 author =		 "Ting, J. and Mistry, M. and Nakanishi, J. and Peters, J. and Schaal, S.",
 year =		 "2006",
 title =		 "A Bayesian approach to nonlinear parameter identification for rigid body dynamics",
 booktitle =		 "Robotics: Science and Systems (RSS 2006)",
 key =			 "bayesian regression linear models dimensionality reduction input noise rigid body dynamics parameter identification",
 URL =			 "332",
 publisher =		 "cambridge, ma: mit press",
 crossref =		 "p2582"
}

@inproceedings{Peters_PIICIRS_2006,
 author =		 "Peters, J. and Schaal, S.",
 year =		 "2006",
 title =		 "Policy gradient methods for robotics",
 booktitle =		 "Proceedings of the IEEE International Conference on Intelligent Robotics Systems (IROS 2006)",
 key =			 "policy gradient methods, reinforcement learning, robotics",
 URL =			 "334",
 crossref =		 "p2655"
}

@inproceedings{Nakanishi_IICIRS_2005,
 author =		 "Nakanishi, J. and Cory, R. and Mistry, M. and Peters, J. and Schaal, S.",
 year =		 "2005",
 title =		 "Comparative experiments on task space control with redundancy resolution",
 booktitle =		 "IEEE International Conference on Intelligent Robots and Systems (IROS 2005)",
 key =			 "manipulator dynamics
redundant manipulators
space optimization
dynamical decoupling
humanoid robots
inverse kinematics
motor coordination
redundancy resolution
robot dynamics
seven-degree-of-freedom anthropomorphic robot arm
task space control
dynamical d",
 URL =			 "336",
 pages =		 "3901-3908",
 crossref =		 "p2007"
}

@inproceedings{Peters_PECML_2005,
 author =		 "Peters, J. and Vijayakumar, S. and Schaal, S.",
 year =		 "2005",
 title =		 "Natural Actor-Critic",
 booktitle =		 "Proceedings of the 16th European Conference on Machine Learning (ECML 2005)",
 key =			 "reinforcement learning, policy gradients, natural gradients",
 URL =			 "338",
 publisher =		 "springer",
 pages =		 "280-291",
 crossref =		 "p2574"
}

@inproceedings{Peters_TAICMSNDC_2005,
 author =		 "Peters, J. and Mistry, M. and Udwadia, F. E. and Schaal, S.",
 year =		 "2005",
 title =		 "A new methodology for robot control design",
 booktitle =		 "The 5th ASME International Conference on Multibody Systems, Nonlinear Dynamics, and Control (MSNDC 2005)",
 key =			 "robot control, nonlinear control, gauss principle",
 URL =			 "340",
 crossref =		 "p2575"
}

@inproceedings{Peters_IICIRS_2005,
 author =		 "Peters, J. and Mistry, M. and Udwadia, F. E. and Cory, R. and Nakanishi, J. and Schaal, S.",
 year =		 "2005",
 title =		 "A unifying framework for the control of robotics systems",
 booktitle =		 "IEEE International Conference on Intelligent Robots and Systems (IROS 2005)",
 URL =			 "342",
 pages =		 "1824-1831",
 crossref =		 "p2576"
}

@inproceedings{Schaal_ISRR_2004,
 author =		 "Schaal, S. and Peters, J. and Nakanishi, J. and Ijspeert, A.",
 year =		 "2004",
 title =		 "Learning Movement Primitives",
 booktitle =		 "International Symposium on Robotics Research (ISRR2003)",
 key =			 "movement primitives, supervised learning, reinforcment learning, locomotion, phase resetting, learning from demonstration",
 URL =			 "344",
 publisher =		 "springer",
 crossref =		 "p1805"
}

@inproceedings{Peters_PJSNC_2004,
 author =		 "Peters, J. and  Schaal, S.",
 year =		 "2004",
 title =		 "Learning Motor Primitives with Reinforcement Learning",
 booktitle =		 "Proceedings of the 11th Joint Symposium on Neural Computation",
 key =			 "natural policy gradients, motor primitives, natural actor-critic",
 crossref =		 "p10174"
}

@inproceedings{Mohajerian_PJSNC_2003,
 author =		 "Mohajerian, P. and Peters, J. and Ijspeert, A. and Schaal, S.",
 year =		 "2003",
 title =		 "A unifying computational framework for optimization and dynamic systems approaches to motor control",
 booktitle =		 "Proceedings of the 10th Joint Symposium on Neural Computation (JSNC 2003)",
 key =			 "computational motor control, optimization, dynamic systems, formal modeling",
 URL =			 "346",
 crossref =		 "p1839"
}

@inproceedings{Peters_IICHR_2003,
 author =		 "Peters, J. and Vijayakumar, S. and Schaal, S.",
 year =		 "2003",
 title =		 "Reinforcement learning for humanoid robotics",
 booktitle =		 "IEEE-RAS International Conference on Humanoid Robots (Humanoids2003)",
 key =			 "reinforcement learning, policy gradients, movement primitives, behaviors, dynamic systems, humanoid robotics",
 URL =			 "348",
 crossref =		 "p1785"
}

@inproceedings{Peters_PJSNC_2003,
 author =		 "Peters, J. and Vijayakumar, S. and Schaal, S.",
 year =		 "2003",
 title =		 "Scaling reinforcement learning paradigms for motor learning",
 booktitle =		 "Proceedings of the 10th Joint Symposium on Neural Computation (JSNC 2003)",
 key =			 "reinforcement learning, neurodynamic programming, actorcritic methods, policy gradient methods, natural policy gradient",
 URL =			 "350",
 crossref =		 "p1838"
}

@inproceedings{Schaal_WBPHHIICIRS_2003,
 author =		 "Schaal, S. and Peters, J. and Nakanishi, J. and Ijspeert, A.",
 year =		 "2003",
 title =		 "Control, planning, learning, and imitation with dynamic movement primitives",
 booktitle =		 "Workshop on Bilateral Paradigms on Humans and Humanoids, IEEE International Conference on Intelligent Robots and Systems (IROS 2003)",
 key =			 "movement primitives, supervised learning, reinforcment learning, locomotion, phase resetting, learning from demonstration",
 URL =			 "352",
 crossref =		 "p1804"
}

@inproceedings{burdet_ISHF_2001,
 author =		 "Burdet, E. and  Tee, K.P. and  Chew, C.M. and  Peters, J. and  Bt, V.L.",
 year =		 "2001",
 title =		 "Hybrid IDM/Impedance Learning in Human Movements",
 booktitle =		 "First International Symposium on Measurement, Analysis and Modeling of Human Functions Proceedings",
 key =			 "human motor control",
 URL =			 "354",
 crossref =		 "p10104"
}

@inproceedings{peters_ICBME_2000,
 author =		 "Peters, J. and  Riener, R",
 year =		 "2000",
 title =		 "A real-time model of the human knee for application in virtual orthopaedic trainer",
 booktitle =		 "Proceedings of the 10th International Conference on Biomedical Engineering Conference (ICBME)",
 key =			 "biomechanics, human motor control",
 URL =			 "356",
 crossref =		 "p10106"
}

@article{Peters_KI_1998,
 author =		 "Peters, J.",
 year =		 "1998",
 title =		 "Fuzzy Logic for Practical Applications",
 booktitle =		 "Kuenstliche Intelligenz (KI)",
 key =			 "book review",
 number =		 "4",
 pages =		 "60",
 crossref =		 "p10134"
}

@inproceedings{liu_ICRA2015,
    title = {Generalized Projector for Task Priority Transitions During Hierarchical Control},
    author = {Liu, M. and Hak, S. and Padois, V.},
    booktitle = {Proc. IEEE Int. Conf. on Robotics and Automation},
    pages = {},
    doi = {},
    http = {http://hal.archives-ouvertes.fr/hal-01116410/en},
    year = {2015}
}

@Article{DelPrete-2014-ID267,
author="Del Prete, A.
and Nori, F.
and Metta, G.
and Natale, L.",
title="Prioritized motion-force control of constrained fully-actuated robots:``Task Space Inverse Dynamics''",
year="2015",
volume="63",
pages="150--157",
month="Jan",
journal="Robotics and Autonomous Systems"
}

@inproceedings{Salini-2011-ID348,
author="Salini, J.
and Padois, V.
and Bidaud, P.",
title="Synthesis of complex humanoid whole-body behavior: A focus on sequencing and tasks transitions",
year="2011",
booktitle="IEEE Int. Conf. Robotics and Automation",
pages="1283--1290",
file=":/media/ed/www/i-librarian/library/00348.pdf:PDF"
}

@inproceedings{Rueckert2014,
  author =		 "Rueckert, E. and  Mindt, M. and  Peters, J. and  Neumann, G.",
  year =		 "2014",
  title =		 "Robust Policy Updates for Stochastic Optimal Control",
  booktitle =		 "Proceedings of the International Conference on Humanoid Robots (HUMANOIDS)",
  URL =			 "http://www.ias.informatik.tu-darmstadt.de/uploads/Site/EditPublication/AICOHumanoidsFinal.pdf",
  address = 		 "Madrid, Spain"
}

@inproceedings{Rueckert_2015,
  author = {Rueckert, E. and Mundo, J. and Paraschos, A. and Peters, J. and Neumann, G.},
  year = {2015},
  title = {Extracting Low-Dimensional Control Variables for Movement Primitives},
  booktitle = {Proceedings of the International Conference on Robotics and Automation (ICRA)},
  month = {May 26-30},
  pages = {1-9},
  journal = {ICRA},
  address = {Seattle, USA}
}

@INPROCEEDINGS{Paraschos2013,
  author = {Paraschos, A. and Daniel, C. and Peters, J. and Neumann, G},
  title = {Probabilistic Movement Primitives},
  booktitle = {Advances in Neural Information Processing Systems (NIPS), Cambridge,
	MA: MIT Press.},
  year = {2013},
  url = {http://www.ias.tu-darmstadt.de/uploads/Publications/Paraschos_NIPS_2013.pdf}
}

@INPROCEEDINGS{Paraschos2013a,
  author = {Paraschos, A. and Neumann, G and Peters, J.},
  title = {A Probabilistic Approach to Robot Trajectory Generation},
  booktitle = {Proceedings of the International Conference on Humanoid Robots (HUMANOIDS)},
  year = {2013},
  url = {http://www.ias.tu-darmstadt.de/uploads/Publications/Paraschos_Humanoids_2013.pdf}
}

@inproceedings{lober-HUMANOIDS2014,
   title = {Multiple Task Optimization using Dynamical Movement Primitives for Whole-Body Reactive Control},
   author = {Lober, R. and Padois, V. and Sigaud, O.},
   booktitle = {Proceedings of the IEEE-RAS International Conference on Humanoid Robots (Humanoids)},
   pages = {193-198},
   doi = {10.1109/HUMANOIDS.2014.7041359},
   http = {http://hal.archives-ouvertes.fr/hal-01116139/en},
   year = {2014},
   month = Nov,
   address = {Madrid, Spain}
}

@inproceedings{lober2015variance,
  title={Variance modulated task prioritization in Whole-Body Control},
  author={Lober, Ryan and Padois, Vincent and Sigaud, Olivier},
  booktitle={Intelligent Robots and Systems (IROS), 2015 IEEE/RSJ International Conference on},
  pages={3944--3949},
  year={2015},
  organization={IEEE}
}

@article{Rueckert_SR_2016,
  author =		 "Rueckert, E. and  Kappel, D. and  Tanneberg, D. and  Pecevski, D and  Peters, J. ",
  year =		 "2016",
  title =		 "Recurrent Spiking Networks Solve Planning Tasks",
  booktitle =		 "Scientific Reports",
  key =			 "3rdhand, codyco",
  URL =			 "http://dx.doi.org/10.1038/srep21142",
  publisher =		 "nature publishing group",
  number =		 "21142",
  ISBN/ISSN =		 "10.1038/srep21142"
}


@inproceedings{paraschos2015model,
  title={Model-free Probabilistic Movement Primitives for physical interaction},
  author={Paraschos, Alexandros and Rueckert, Elmar and Peters, Jan and Neumann, Gerhard},
  booktitle={Intelligent Robots and Systems (IROS), 2015 IEEE/RSJ International Conference on},
  pages={2860--2866},
  year={2015},
  organization={IEEE}
}

