%% This BibTeX bibliography file was created using BibDesk.
%% http://bibdesk.sourceforge.net/


%% Created for Claudia Latella at 2016-04-25 00:19:57 +0200 


%% Saved with string encoding Unicode (UTF-8) 



@inproceedings{Latella2015,
	Author = {Latella, C. and Kuppuswamy, N. and Romano, F and Traversaro, S. and Nori, F.},
	Booktitle = {Proceedings of the 2nd International  Electronic Conference on Sensors and Application, 15 - 30 November 2015;},
	Date-Added = {2016-04-24 22:10:29 +0000},
	Date-Modified = {2016-04-24 22:19:57 +0000},
	Title = {Force and motion capture system based on distributed micro-accelerometers, gyros, force and tactile sensing},
	Volume = {2},
	Year = {2015}}

@article{zhang2012microsoft,
	Author = {Zhang, Zhengyou},
	Date-Added = {2016-04-24 22:04:48 +0000},
	Date-Modified = {2016-04-24 22:04:48 +0000},
	Journal = {MultiMedia, IEEE},
	Number = {2},
	Pages = {4--10},
	Publisher = {IEEE},
	Title = {Microsoft kinect sensor and its effect},
	Volume = {19},
	Year = {2012}}

@article{roetenberg2009xsens,
	Author = {Roetenberg, Daniel and Luinge, Henk and Slycke, Per},
	Date-Added = {2016-04-24 22:03:57 +0000},
	Date-Modified = {2016-04-24 22:03:57 +0000},
	Journal = {Xsens Motion Technologies BV, Tech. Rep},
	Title = {Xsens MVN: full 6DOF human motion tracking using miniature inertial sensors},
	Year = {2009}}

@inproceedings{Bonnet2013,
	Author = {V Bonnet and C Mazza and P Fraisse and A Cappozzo},
	Booktitle = {Biomedical Engineering, IEEE Transactions on},
	Date-Added = {2016-04-24 22:03:22 +0000},
	Date-Modified = {2016-04-24 22:03:22 +0000},
	Pages = {1920-1926},
	Title = {Real time Estimate of Body Kinematics During a Planar Squat Task Using a Single Inertial Measurement Unit},
	Volume = {60},
	Year = {2013}}

@article{Schaal1998,
	Address = {Cambridge, MA, USA},
	Author = {Schaal, S. and Atkeson, C. G.},
	Journal = {Neural Comput.},
	Month = nov,
	Number = {8},
	Pages = {2047--2084},
	Publisher = {MIT Press},
	Title = {Constructive Incremental Learning from Only Local Information},
	Volume = {10},
	Year = {1998}}

@inproceedings{Peternel2013,
	Author = {Peternel, L. and Babi\v{c}, J.},
	Booktitle = {Robotics and Automation, 2013 IEEE International Conference on},
	Pages = {5309--5314},
	Title = {Humanoid Robot Posture-Control Learning in Real-Time Based on Human Sensorimotor Learning Ability},
	Year = {2013}}

@incollection{Niemeyer2008,
	Author = {Niemeyer, G. and Preusche, C. and Hirzinger, G.},
	Booktitle = {Springer Handbook of Robotics},
	Editor = {Siciliano, Bruno and Khatib, Oussama},
	Pages = {741-757},
	Publisher = {Springer-Verlag Berlin Heidelberg},
	Title = {{Telerobotics}},
	Year = {2008}}

@inproceedings{Linde2002,
	Author = {Van Der Linde, R. Q. and Lammertse, P. and Frederiksen, E. and Ruiter, B.},
	Booktitle = {Proc. of Eurohaptics 2002},
	Pages = {1--5},
	Title = {The HapticMaster, a new high-performance haptic interface},
	Year = {2002}}

@inproceedings{kappen2007,
	Address = {Granada, Spain},
	Adsnote = {Provided by the SAO/NASA Astrophysics Data System},
	Author = {Kappen, H.~J.},
	Booktitle = {Cooperative {B}ehavior in {N}eural {S}ystems},
	Keywords = {Control theory, Stochastic processes, General theory and mathematical aspects},
	Location = {Granada, Spain},
	Pages = {149-181},
	Series = {American Institute of Physics Conference Series},
	Title = {{An {I}ntroduction to {S}tochastic {C}ontrol {T}heory, {P}ath {I}ntegrals and {R}einforcement {L}earning}},
	Volume = {887},
	Year = {2007}}

@article{botvinick2012,
	Author = {Botvinick, Matthew and Toussaint, Marc},
	Doi = {10.1016/j.tics.2012.08.006},
	Issn = {13646613},
	Journal = {Trends in Cognitive Sciences},
	Number = {10},
	Pages = {485-488},
	Title = {{Planning as inference}},
	Volume = {16},
	Year = {2012},
	Bdsk-Url-1 = {http://dx.doi.org/10.1016/j.tics.2012.08.006}}

@article{o2003temporal,
	Author = {O'Doherty, John P and Dayan, Peter and Friston, Karl and Critchley, Hugo and Dolan, Raymond J},
	Journal = {Neuron},
	Number = {2},
	Pages = {329--337},
	Publisher = {Elsevier},
	Title = {Temporal difference models and reward-related learning in the human brain},
	Volume = {38},
	Year = {2003}}

@article{Dempster1977,
	Author = {A. Dempster and N. Laird and D. Rubin},
	Journal = {Journal of the Royal Statistical Society, Series B},
	Number = {1},
	Pages = {1--38},
	Title = {{Maximum likelihood from incomplete data via the EM algorithm}},
	Volume = {39},
	Year = {1977}}

@inproceedings{fibla2010allostatic,
	Author = {Fibla, Marti Sanchez and Bernardet, Ulysses and Verschure, Paul FMJ},
	Booktitle = {Intelligent Robots and Systems (IROS), 2010 IEEE/RSJ International Conference on},
	Organization = {IEEE},
	Pages = {1935--1942},
	Title = {Allostatic control for robot behaviour regulation: An extension to path planning},
	Year = {2010}}

@article{glascher2010states,
	Author = {Gl{\"a}scher, Jan and Daw, Nathaniel and Dayan, Peter and O'Doherty, John P},
	Journal = {Neuron},
	Number = {4},
	Pages = {585--595},
	Publisher = {Elsevier},
	Title = {States versus rewards: dissociable neural prediction error signals underlying model-based and model-free reinforcement learning},
	Volume = {66},
	Year = {2010}}

@article{doll2012ubiquity,
	Author = {Doll, Bradley B and Simon, Dylan A and Daw, Nathaniel D},
	Journal = {Current opinion in neurobiology},
	Number = {6},
	Pages = {1075--1081},
	Publisher = {Elsevier},
	Title = {The ubiquity of model-based reinforcement learning},
	Volume = {22},
	Year = {2012}}

@article{simon2011neural,
	Author = {Simon, Dylan Alexander and Daw, Nathaniel D},
	Journal = {The Journal of Neuroscience},
	Number = {14},
	Pages = {5526--5539},
	Publisher = {Soc Neuroscience},
	Title = {Neural correlates of forward planning in a spatial decision task in humans},
	Volume = {31},
	Year = {2011}}

@article{thorndike1933proof,
	Author = {Thorndike, Edward L},
	Journal = {Science},
	Publisher = {American Assn for the Advancement of Science},
	Title = {A proof of the law of effect.},
	Year = {1933}}

@article{daw2011model,
	Author = {Daw, Nathaniel D and Gershman, Samuel J and Seymour, Ben and Dayan, Peter and Dolan, Raymond J},
	Journal = {Neuron},
	Number = {6},
	Pages = {1204--1215},
	Publisher = {Elsevier},
	Title = {Model-based influences on humans' choices and striatal prediction errors},
	Volume = {69},
	Year = {2011}}

@article{foster2006reverse,
	Author = {Foster, David J and Wilson, Matthew A},
	Journal = {Nature},
	Number = {7084},
	Pages = {680--683},
	Publisher = {Nature Publishing Group},
	Title = {Reverse replay of behavioural sequences in hippocampal place cells during the awake state},
	Volume = {440},
	Year = {2006}}

@article{doya1999computations,
	Author = {Doya, Kenji},
	Journal = {Neural networks},
	Number = {7},
	Pages = {961--974},
	Publisher = {Elsevier},
	Title = {What are the computations of the cerebellum, the basal ganglia and the cerebral cortex?},
	Volume = {12},
	Year = {1999}}

@article{daw2005uncertainty,
	Author = {Daw, Nathaniel D and Niv, Yael and Dayan, Peter},
	Journal = {Nature neuroscience},
	Number = {12},
	Pages = {1704--1711},
	Publisher = {Nature Publishing Group},
	Title = {Uncertainty-based competition between prefrontal and dorsolateral striatal systems for behavioral control},
	Volume = {8},
	Year = {2005}}

@article{packard2002learning,
	Author = {Packard, Mark G and Knowlton, Barbara J},
	Journal = {Annual review of neuroscience},
	Number = {1},
	Pages = {563--593},
	Publisher = {Annual Reviews 4139 El Camino Way, PO Box 10139, Palo Alto, CA 94303-0139, USA},
	Title = {Learning and memory functions of the basal ganglia},
	Volume = {25},
	Year = {2002}}

@article{owen1997cognitive,
	Author = {Owen, Adrian M},
	Journal = {Progress in neurobiology},
	Number = {4},
	Pages = {431--450},
	Publisher = {Elsevier},
	Title = {Cognitive planning in humans: neuropsychological, neuroanatomical and neuropharmacological perspectives},
	Volume = {53},
	Year = {1997}}

@inproceedings{todorov2006linearly,
	Author = {Todorov, Emanuel},
	Booktitle = {Advances in Neural Information Processing Systems (NIPS)},
	Pages = {1369--1376},
	Title = {Linearly-solvable Markov decision problems},
	Year = {2006}}

@inproceedings{Sutton90Dyna,
	Author = {Richard S. Sutton},
	Bibsource = {DBLP, http://dblp.uni-trier.de},
	Booktitle = {Proceedings of the Seventh International Conference on Machine Learning (ICML)},
	Crossref = {DBLP:conf/icml/1990},
	Location = {Austin, Texas, USA},
	Pages = {216-224},
	Title = {Integrated Architectures for Learning, Planning, and Reacting Based on Approximating Dynamic Programming},
	Year = {1990}}

@inproceedings{breaETAL2011,
	Author = {Johanni Brea and Walter Senn and Jean-Pascal Pfister},
	Booktitle = {Advances in Neural Information Processing Systems},
	Pages = {1422--1430},
	Title = {Sequence learning with hidden units in spiking neural networks},
	Year = {2011}}

@article{kappelETAL2014,
	Author = {David Kappel and Bernhard Nessler and Wolfgang Maass},
	Journal = {PLoS Comp. Biol.},
	Number = {3},
	Pages = {e1003511},
	Title = {{STDP} installs in winner-take-all circuits an online approximation to hidden {Markov} model learning},
	Volume = {10},
	Year = {2014}}

@article{solway2012goal,
	Author = {Solway, Alec and Botvinick, Matthew M},
	Journal = {Psychological review},
	Number = {1},
	Pages = {120},
	Publisher = {American Psychological Association},
	Title = {Goal-directed decision making as probabilistic inference: a computational framework and potential neural correlates.},
	Volume = {119},
	Year = {2012}}

@article{carter1994gibbs,
	Author = {Carter, Chris K and Kohn, Robert},
	Journal = {Biometrika},
	Number = {3},
	Pages = {541--553},
	Publisher = {Biometrika Trust},
	Title = {On Gibbs sampling for state space models},
	Volume = {81},
	Year = {1994}}

@article{manning2014magellan,
	Author = {Manning, Jeremy R and Lew, Timothy F and Li, Ningcheng and Sekuler, Robert and Kahana, Michael J},
	Journal = {Journal of Experimental Psychology: General.},
	Publisher = {American Psychological Association},
	Title = {MAGELLAN: A Cognitive Map--Based Model of Human Wayfinding.},
	Year = {2014}}

@inproceedings{Schaal2003,
	Author = {Schaal, S. and Peters, J. and Nakanishi, J. and Ijspeert, A.},
	Bibsource = {DBLP, http://dblp.uni-trier.de},
	Booktitle = {International {S}ymposium on {R}obotics {R}esearch},
	Ee = {http://dx.doi.org/10.1007/11008941_60},
	Owner = {neumann},
	Series = {(ISRR)},
	Timestamp = {2012.01.23},
	Title = {Learning {M}ovement {P}rimitives},
	Year = {2003}}

@inproceedings{Paraschos2013,
	Author = {Paraschos, A. and Daniel, C. and Peters, J. and Neumann, G},
	Booktitle = {Advances in Neural Information Processing Systems (NIPS), Cambridge, MA: MIT Press.},
	Title = {Probabilistic Movement Primitives},
	Year = {2013}}

@article{Rueckert2013,
	Author = {Rueckert, Elmar and d'Avella, Andrea},
	Doi = {10.3389/fncom.2013.00138},
	Issn = {1662-5188},
	Journal = {Frontiers in Computational Neuroscience (Special Issue on Modularity in motor control: from muscle synergies to cognitive action representation)},
	Number = {138},
	Title = {Learned parametrized dynamic movement primitives with shared synergies for controlling robotic and musculoskeletal systems},
	Volume = {7},
	Year = {2013},
	Bdsk-Url-1 = {http://dx.doi.org/10.3389/fncom.2013.00138}}

@article{stewart1965platform,
	Author = {Stewart, Doug},
	Journal = {Proceedings of the institution of mechanical engineers},
	Number = {1},
	Pages = {371--386},
	Publisher = {SAGE Publications},
	Title = {A platform with six degrees of freedom},
	Volume = {180},
	Year = {1965}}

@article{stohl2001intercomparison,
	Author = {Stohl, A and Haimberger, L and Scheele, MP and Wernli, H},
	Journal = {Meteorological Applications},
	Number = {2},
	Pages = {127--135},
	Publisher = {Wiley Online Library},
	Title = {An intercomparison of results from three trajectory models},
	Volume = {8},
	Year = {2001}}

@article{draxler1996trajectory,
	Author = {Draxler, Roland R},
	Journal = {Weather and Forecasting},
	Number = {1},
	Pages = {111--114},
	Title = {Trajectory optimization for balloon flight planning},
	Volume = {11},
	Year = {1996}}

@article{chaboud2014rise,
	Author = {Chaboud, Alain P and Chiquoine, Benjamin and Hjalmarsson, Erik and Vega, Clara},
	Journal = {The Journal of Finance},
	Number = {5},
	Pages = {2045--2084},
	Publisher = {Wiley Online Library},
	Title = {Rise of the machines: Algorithmic trading in the foreign exchange market},
	Volume = {69},
	Year = {2014}}

@article{wang2003recent,
	Author = {Wang, Liang and Hu, Weiming and Tan, Tieniu},
	Journal = {Pattern recognition},
	Number = {3},
	Pages = {585--601},
	Publisher = {Elsevier},
	Title = {Recent developments in human motion analysis},
	Volume = {36},
	Year = {2003}}

@article{moeslund2006survey,
	Author = {Moeslund, Thomas B and Hilton, Adrian and Kr{\"u}ger, Volker},
	Journal = {Computer vision and image understanding},
	Number = {2},
	Pages = {90--126},
	Publisher = {Elsevier},
	Title = {A survey of advances in vision-based human motion capture and analysis},
	Volume = {104},
	Year = {2006}}

@article{adomavicius2005toward,
	Author = {Adomavicius, Gediminas and Tuzhilin, Alexander},
	Journal = {Knowledge and Data Engineering, IEEE Transactions on},
	Number = {6},
	Pages = {734--749},
	Publisher = {IEEE},
	Title = {Toward the next generation of recommender systems: A survey of the state-of-the-art and possible extensions},
	Volume = {17},
	Year = {2005}}

@article{resnick1997recommender,
	Author = {Resnick, Paul and Varian, Hal R},
	Journal = {Communications of the ACM},
	Number = {3},
	Pages = {56--58},
	Publisher = {ACM},
	Title = {Recommender systems},
	Volume = {40},
	Year = {1997}}

@inproceedings{Rueckert2015,
	Author = {Rueckert, E. and Mundo, J. and Paraschos, A. and Peters, J. and Neumann, G.},
	Booktitle = {Proceedings of the International Conference on Robotics and Automation (ICRA)},
	Key = {3rdhand, codyco},
	Title = {Extracting Low-Dimensional Control Variables for Movement Primitives},
	Year = {2015}}

@article{todorov2004optimality,
	Author = {Todorov, Emanuel},
	Journal = {Nature neuroscience},
	Number = {9},
	Pages = {907--915},
	Publisher = {Nature Publishing Group},
	Title = {Optimality principles in sensorimotor control},
	Volume = {7},
	Year = {2004}}

@article{hinton2002training,
	Author = {Hinton, Geoffrey},
	Journal = {Neural computation},
	Number = {8},
	Pages = {1771--1800},
	Publisher = {MIT Press},
	Title = {Training products of experts by minimizing contrastive divergence},
	Volume = {14},
	Year = {2002}}

@book{bertsekas1995dynamic,
	Author = {Bertsekas, Dimitri P and Bertsekas, Dimitri P and Bertsekas, Dimitri P and Bertsekas, Dimitri P},
	Number = {2},
	Publisher = {Athena Scientific Belmont, MA},
	Title = {Dynamic programming and optimal control},
	Volume = {1},
	Year = {1995}}

@article{tabachnick2001using,
	Author = {Tabachnick, Barbara G and Fidell, Linda S and others},
	Publisher = {Allyn and Bacon Boston},
	Title = {Using multivariate statistics},
	Year = {2001}}

@book{hill2006statistics,
	Author = {Hill, Thomas and Lewicki, Pawel and Lewicki, Pawe{\l}},
	Publisher = {StatSoft, Inc.},
	Title = {Statistics: methods and applications: a comprehensive reference for science, industry, and data mining},
	Year = {2006}}

@article{box1978statistics,
	Author = {Box, George EP and Hunter, William Gordon and Hunter, J Stuart and others},
	Publisher = {John Wiley and sons New York},
	Title = {Statistics for experimenters},
	Year = {1978}}

@book{bland2000introduction,
	Author = {Bland, Martin and others},
	Number = {Ed. 3},
	Publisher = {Oxford University Press},
	Title = {An introduction to medical statistics.},
	Year = {2000}}

@book{bishop2006pattern,
	Author = {Bishop, Christopher M},
	Publisher = {springer},
	Title = {Pattern recognition and machine learning},
	Year = {2006}}

@article{wolpert1998multiple,
	Author = {Wolpert, Daniel M and Kawato, Mitsuo},
	Journal = {Neural networks},
	Number = {7},
	Pages = {1317--1329},
	Publisher = {Elsevier},
	Title = {Multiple paired forward and inverse models for motor control},
	Volume = {11},
	Year = {1998}}

@article{kawato1999internal,
	Author = {Kawato, Mitsuo},
	Journal = {Current opinion in neurobiology},
	Number = {6},
	Pages = {718--727},
	Publisher = {Elsevier},
	Title = {Internal models for motor control and trajectory planning},
	Volume = {9},
	Year = {1999}}

@article{babivc2014effects,
	Author = {Babi{\v{c}}, Jan and Petri{\v{c}}, Tadej and Peternel, Luka and {\v{S}}arabon, Nejc},
	Journal = {Gait \& posture},
	Number = {3},
	Pages = {441--446},
	Publisher = {Elsevier},
	Title = {Effects of supportive hand contact on reactive postural control during support perturbations},
	Volume = {40},
	Year = {2014}}

@article{bhushan1999computational,
	Author = {Bhushan, Nikhil and Shadmehr, Reza},
	Journal = {Biological cybernetics},
	Number = {1},
	Pages = {39--60},
	Publisher = {Springer},
	Title = {Computational nature of human adaptive control during learning of reaching movements in force fields},
	Volume = {81},
	Year = {1999}}

@article{slijper2000effects,
	Author = {Slijper, Harm and Latash, Mark},
	Journal = {Experimental Brain Research},
	Number = {1},
	Pages = {81--93},
	Publisher = {Springer},
	Title = {The effects of instability and additional hand support on anticipatory postural adjustments in leg, trunk, and arm muscles during standing},
	Volume = {135},
	Year = {2000}}

@article{johannsen2007effects,
	Author = {Johannsen, Leif and Wing, Alan M and Hatzitaki, Vassilia},
	Journal = {Journal of neurophysiology},
	Number = {4},
	Pages = {2686--2695},
	Publisher = {Am Physiological Soc},
	Title = {Effects of maintaining touch contact on predictive and reactive balance},
	Volume = {97},
	Year = {2007}}

@article{wagner2008shared,
	Author = {Wagner, Mark J and Smith, Maurice A},
	Journal = {The Journal of Neuroscience},
	Number = {42},
	Pages = {10663--10673},
	Publisher = {Soc Neuroscience},
	Title = {Shared internal models for feedforward and feedback control},
	Volume = {28},
	Year = {2008}}

@article{balasubramaniam2002dynamics,
	Author = {Balasubramaniam, Ramesh and Wing, Alan M},
	Journal = {Trends in cognitive sciences},
	Number = {12},
	Pages = {531--536},
	Publisher = {Elsevier},
	Title = {The dynamics of standing balance},
	Volume = {6},
	Year = {2002}}

@article{diedrichsen2010coordination,
	Author = {Diedrichsen, J{\"o}rn and Shadmehr, Reza and Ivry, Richard B},
	Journal = {Trends in cognitive sciences},
	Number = {1},
	Pages = {31--39},
	Publisher = {Elsevier},
	Title = {The coordination of movement: optimal feedback control and beyond},
	Volume = {14},
	Year = {2010}}

@article{wolpert2001perspectives,
	Author = {Wolpert, Daniel M and Ghahramani, Zoubin and Flanagan, J Randall},
	Journal = {Trends in cognitive sciences},
	Number = {11},
	Pages = {487--494},
	Publisher = {Elsevier},
	Title = {Perspectives and problems in motor learning},
	Volume = {5},
	Year = {2001}}

@article{curran2003use,
	Author = {Curran, Patrick J and Hussong, Andrea M},
	Journal = {Journal of abnormal psychology},
	Number = {4},
	Pages = {526},
	Publisher = {American Psychological Association},
	Title = {The use of latent trajectory models in psychopathology research.},
	Volume = {112},
	Year = {2003}}

@article{stapley1999does,
	Author = {Stapley, Paul J and Pozzo, Thierry and Cheron, Guy and Grishin, Alexander},
	Journal = {Experimental Brain Research},
	Number = {1},
	Pages = {134--146},
	Publisher = {Springer},
	Title = {Does the coordination between posture and movement during human whole-body reaching ensure center of mass stabilization?},
	Volume = {129},
	Year = {1999}}

@article{schmitz2003motor,
	Author = {Schmitz, Christina and Martineau, Jo{\"e}lle and Barth{\'e}l{\'e}my, Catherine and Assaiante, Christine},
	Journal = {Neuroscience letters},
	Number = {1},
	Pages = {17--20},
	Publisher = {Elsevier},
	Title = {Motor control and children with autism: deficit of anticipatory function?},
	Volume = {348},
	Year = {2003}}

@article{selinger2015humans,
	Author = {Selinger, Jessica C and O'Connor, Shawn M and Wong, Jeremy D and Donelan, J Maxwell},
	Journal = {Current Biology},
	Number = {18},
	Pages = {2452--2456},
	Publisher = {Elsevier},
	Title = {Humans can continuously optimize energetic cost during walking},
	Volume = {25},
	Year = {2015}}

@article{mckenzie1993effective,
	Author = {McKenzie, BE and Skouteris, H and Day, RH and Hartman, B and Yonas, A},
	Journal = {Child Development},
	Number = {2},
	Pages = {415--429},
	Publisher = {Wiley Online Library},
	Title = {Effective action by infants to contact objects by reaching and leaning},
	Volume = {64},
	Year = {1993}}

@article{adolph2006motor,
	Author = {Adolph, Karen E and Berger, Sarah E},
	Journal = {Handbook of child psychology},
	Publisher = {Wiley Online Library},
	Title = {Motor development},
	Year = {2006}}

@article{adolph2002learning,
	Author = {Adolph, K},
	Journal = {Advances in child development and behavior},
	Pages = {1--40},
	Publisher = {Academic Press},
	Title = {Learning to keep balance},
	Volume = {30},
	Year = {2002}}

@article{reed1982outline,
	Author = {Reed, Edward S},
	Journal = {Journal of motor behavior},
	Number = {2},
	Pages = {98--134},
	Publisher = {Taylor \& Francis},
	Title = {An outline of a theory of action systems},
	Volume = {14},
	Year = {1982}}

@article{Hofsten1993prospective,
	Author = {Von Hofsten, Claes},
	Journal = {Human development},
	Number = {5},
	Pages = {253--270},
	Publisher = {Karger Publishers},
	Title = {Prospective control: A basic aspect of action development},
	Volume = {36},
	Year = {1993}}

@article{manoel2005planning,
	Author = {Manoel, E de J and Moreira, CRP},
	Journal = {Journal of Human Movement Studies},
	Number = {2},
	Pages = {93--114},
	Publisher = {TEVIOT SCIENTIFIC PUBLICATIONS LTD 8A RANDOLPH CRESCENT, EDINBURGH EH3 7TH, SCOTLAND},
	Title = {Planning manipulative hand movements: Do young children show the end-state comfort effect?},
	Volume = {49},
	Year = {2005}}

@article{adalbjornsson2008end,
	Author = {Adalbjornsson, Carola F and Fischman, Mark G and Rudisill, Mary E},
	Journal = {Research Quarterly for Exercise and Sport},
	Number = {1},
	Pages = {36--41},
	Publisher = {Taylor \& Francis},
	Title = {The end-state comfort effect in young children},
	Volume = {79},
	Year = {2008}}

@article{weigelt2015development,
	Author = {Weigelt, Matthias and Schack, Thomas},
	Journal = {Experimental Psychology},
	Publisher = {Hogrefe Publishing},
	Title = {The development of end-state comfort planning in preschool children},
	Year = {2015}}

@article{thibaut2010developing,
	Author = {Thibaut, Jean-Pierre and Toussaint, Lucette},
	Journal = {Journal of Experimental Child Psychology},
	Number = {1},
	Pages = {116--129},
	Publisher = {Elsevier},
	Title = {Developing motor planning over ages},
	Volume = {105},
	Year = {2010}}

@article{knudsen2012end,
	Author = {Knudsen, Birgit and Henning, Anne and Wunsch, Kathrin and Weigelt, Matthias and Aschersleben, Gisa},
	Journal = {Frontiers in psychology},
	Publisher = {Frontiers Media SA},
	Title = {The end-state comfort effect in 3-to 8-year-old children in two object manipulation tasks},
	Volume = {3},
	Year = {2012}}

@article{pai1997center,
	Author = {Pai, Yi-Chung and Patton, James},
	Journal = {Journal of biomechanics},
	Number = {4},
	Pages = {347--354},
	Publisher = {Elsevier},
	Title = {Center of mass velocity-position predictions for balance control},
	Volume = {30},
	Year = {1997}}

@article{kuo1995optimal,
	Author = {Kuo, Arthur D},
	Journal = {Biomedical Engineering, IEEE Transactions on},
	Number = {1},
	Pages = {87--101},
	Publisher = {IEEE},
	Title = {An optimal control model for analyzing human postural balance},
	Volume = {42},
	Year = {1995}}

@article{minshew2004underdevelopment,
	Author = {Minshew, Nancy J and Sung, KiBum and Jones, Bobby L and Furman, Joseph M},
	Journal = {Neurology},
	Number = {11},
	Pages = {2056--2061},
	Publisher = {AAN Enterprises},
	Title = {Underdevelopment of the postural control system in autism},
	Volume = {63},
	Year = {2004}}

@article{scott2004optimal,
	Author = {Scott, Stephen H},
	Journal = {Nature Reviews Neuroscience},
	Number = {7},
	Pages = {532--546},
	Publisher = {Nature Publishing Group},
	Title = {Optimal feedback control and the neural basis of volitional motor control},
	Volume = {5},
	Year = {2004}}

@article{jeka1994fingertip,
	Author = {Jeka, John J and Lackner, James R},
	Journal = {Experimental Brain Research},
	Number = {2},
	Pages = {495--502},
	Publisher = {Springer},
	Title = {Fingertip contact influences human postural control},
	Volume = {79},
	Year = {1994}}

@article{klatzky1995planning,
	Author = {Klatzky, Roberta L and Fikes, Thomas G and Pellegrino, James W},
	Journal = {Acta Psychologica},
	Number = {3},
	Pages = {209--232},
	Publisher = {Elsevier},
	Title = {Planning for hand shape and arm transport when reaching for objects},
	Volume = {88},
	Year = {1995}}

@article{klove1963clinical,
	Author = {Klove, H},
	Journal = {The medical clinics of North America},
	Pages = {1647--1658},
	Title = {Clinical neuropsychology.},
	Volume = {47},
	Year = {1963}}

@article{huys2004timescales,
	Author = {Huys, R and Daffertshofer, A and Beek, PJ},
	Issue = {2},
	Journal = {Motor Control},
	Pages = {188--212},
	Title = {Multiple time scales and multiform dynamics in learning to juggle.},
	Volume = {8},
	Year = {2004}}

@article{wolpert2000computational,
	Author = {Wolpert, Daniel M and Ghahramani, Zoubin},
	Journal = {nature neuroscience},
	Pages = {1212--1217},
	Publisher = {Nature Publishing Group},
	Title = {Computational principles of movement neuroscience},
	Volume = {3},
	Year = {2000}}

@article{smith2006interacting,
	Author = {Smith, Maurice A and Ghazizadeh, Ali and Shadmehr, Reza},
	Journal = {PLoS Biol},
	Number = {6},
	Pages = {e179},
	Title = {Interacting adaptive processes with different timescales underlie short-term motor learning},
	Volume = {4},
	Year = {2006}}

@misc{codyco,
	Howpublished = {\url{https://www.codyco.eu}},
	Note = {Accessed: 2015-10-20},
	Title = {Whole-body Compliant Dynamical Contacts in Cognitive Humanoids}}

@article{hyon2007full,
	Author = {Hyon, Sang-Ho and Hale, Joshua G and Cheng, Gordon},
	Journal = {Robotics, IEEE Transactions on},
	Number = {5},
	Pages = {884--898},
	Publisher = {IEEE},
	Title = {Full-body compliant human--humanoid interaction: balancing in the presence of unknown external forces},
	Volume = {23},
	Year = {2007}}

@inproceedings{peters2003reinforcement,
	Author = {Peters, Jan and Vijayakumar, Sethu and Schaal, Stefan},
	Booktitle = {Proceedings of the third IEEE-RAS international conference on humanoid robots},
	Pages = {1--20},
	Title = {Reinforcement learning for humanoid robotics},
	Year = {2003}}

@inproceedings{rueckert2014robust,
	Author = {Rueckert, Elmar and Mindt, Max and Peters, Jan and Neumann, Gerhard},
	Booktitle = {Humanoid Robots (Humanoids), 2014 14th IEEE-RAS International Conference on},
	Organization = {IEEE},
	Pages = {388--393},
	Title = {Robust policy updates for stochastic optimal control},
	Year = {2014}}

@inproceedings{sugihara2002whole,
	Author = {Sugihara, Tomomichi and Nakamura, Yoshihiko},
	Booktitle = {Intelligent Robots and Systems, 2002. IEEE/RSJ International Conference on},
	Organization = {IEEE},
	Pages = {2575--2580},
	Title = {Whole-body cooperative balancing of humanoid robot using COG Jacobian},
	Volume = {3},
	Year = {2002}}

@article{atkeson2007multiple,
	Author = {Atkeson, Christopher G and Stephens, Benjamin},
	Publisher = {IEEE Press},
	Title = {Multiple balance strategies from one optimization criterion},
	Year = {2007}}

@inproceedings{ruckert2011study,
	Author = {Rueckert, Elmar and Neumann, Gerhard},
	Booktitle = {2nd international conference on morphological computation, Venice, Italy},
	Pages = {51--53},
	Title = {A study of morphological computation by using probabilistic inference for motor planning},
	Year = {2011}}

@inproceedings{tassa2012synthesis,
	Author = {Tassa, Yuval and Erez, Tom and Todorov, Emanuel},
	Booktitle = {Intelligent Robots and Systems (IROS), 2012 IEEE/RSJ International Conference on},
	Organization = {IEEE},
	Pages = {4906--4913},
	Title = {Synthesis and stabilization of complex behaviors through online trajectory optimization},
	Year = {2012}}

@inproceedings{toussaint2014dual,
	Author = {Toussaint, Marc and Ratliff, Nathan and Bohg, Jeannette and Righetti, Ludovic and Englert, Peter and Schaal, Stefan},
	Booktitle = {Intelligent Robots and Systems (IROS 2014), 2014 IEEE/RSJ International Conference on},
	Organization = {IEEE},
	Pages = {47--54},
	Title = {Dual execution of optimized contact interaction trajectories},
	Year = {2014}}

@article{ijspeert2013dynamical,
	Author = {Ijspeert, Auke Jan and Nakanishi, Jun and Hoffmann, Heiko and Pastor, Peter and Schaal, Stefan},
	Journal = {Neural computation},
	Number = {2},
	Pages = {328--373},
	Publisher = {MIT Press},
	Title = {Dynamical movement primitives: learning attractor models for motor behaviors},
	Volume = {25},
	Year = {2013}}

@article{Lockhart2007,
	Author = {Lockhart, Daniel B. and Ting, Lena H.},
	Doi = {10.1038/nn1986},
	Journal = {Nature Neuroscience},
	Month = oct,
	Number = {10},
	Pages = {1329--1336},
	Title = {{Optimal sensorimotor transformations for balance}},
	Volume = {10},
	Year = {2007},
	Bdsk-Url-1 = {http://dx.doi.org/10.1038/nn1986}}

@article{berger2013differences,
	Author = {Berger, Denise J and Gentner, Reinhard and Edmunds, Timothy and Pai, Dinesh K and d'Avella, Andrea},
	Journal = {The Journal of Neuroscience},
	Number = {30},
	Pages = {12384--12394},
	Publisher = {Soc Neuroscience},
	Title = {Differences in adaptation rates after virtual surgeries provide direct evidence for modularity},
	Volume = {33},
	Year = {2013}}

@article{dickstein2003effects,
	Author = {Dickstein, R and Peterka, RJ and Horak, FB},
	Journal = {Journal of Neurology, Neurosurgery \& Psychiatry},
	Number = {5},
	Pages = {620--626},
	Publisher = {BMJ Publishing Group Ltd},
	Title = {Effects of light fingertip touch on postural responses in subjects with diabetic neuropathy},
	Volume = {74},
	Year = {2003}}

@article{cordo1982properties,
	Author = {Cordo, PJ and Nashner, LEWIS M},
	Journal = {Journal of neurophysiology},
	Number = {2},
	Pages = {287--302},
	Publisher = {Am Physiological Soc},
	Title = {Properties of postural adjustments associated with rapid arm movements},
	Volume = {47},
	Year = {1982}}

@article{d2006control,
	Author = {d'Avella, Andrea and Portone, Alessandro and Fernandez, Laure and Lacquaniti, Francesco},
	Journal = {The Journal of neuroscience},
	Number = {30},
	Pages = {7791--7810},
	Publisher = {Soc Neuroscience},
	Title = {Control of fast-reaching movements by muscle synergy combinations},
	Volume = {26},
	Year = {2006}}

@article{wolpert1995arm,
	Author = {Wolpert, Daniel M and Ghahramani, Zoubin and Jordan, Michael I},
	Journal = {Experimental brain research},
	Number = {3},
	Pages = {460--470},
	Publisher = {Springer},
	Title = {Are arm trajectories planned in kinematic or dynamic coordinates? An adaptation study},
	Volume = {103},
	Year = {1995}}

@article{horak1986central,
	Author = {Horak, Fay B and Nashner, Lewis M},
	Journal = {Journal of neurophysiology},
	Number = {6},
	Pages = {1369--1381},
	Publisher = {Am Physiological Soc},
	Title = {Central programming of postural movements: adaptation to altered support-surface configurations},
	Volume = {55},
	Year = {1986}}

@article{winter1995human,
	Author = {Winter, David A},
	Journal = {Gait \& posture},
	Number = {4},
	Pages = {193--214},
	Publisher = {Elsevier},
	Title = {Human balance and posture control during standing and walking},
	Volume = {3},
	Year = {1995}}

@article{flash1990human,
	Author = {Flash, T and Mussa-Ivaldi, F},
	Journal = {Experimental brain research},
	Number = {2},
	Pages = {315--326},
	Publisher = {Springer},
	Title = {Human arm stiffness characteristics during the maintenance of posture},
	Volume = {82},
	Year = {1990}}

@article{shadmehr1993postural,
	Author = {Shadmehr, Reza and Mussa-Ivaldi, Ferdinando A and Bizzi, Emilio},
	Journal = {The Journal of neuroscience},
	Number = {1},
	Pages = {45--62},
	Publisher = {Soc Neuroscience},
	Title = {Postural force fields of the human arm and their role in generating multijoint movements},
	Volume = {13},
	Year = {1993}}

@article{bouisset1981sequence,
	Author = {Bouisset, S and Zattara, M},
	Journal = {Neuroscience letters},
	Number = {3},
	Pages = {263--270},
	Publisher = {Elsevier},
	Title = {A sequence of postural movements precedes voluntary movement},
	Volume = {22},
	Year = {1981}}

@article{duncan1990functional,
	Author = {Duncan, Pamela W and Weiner, Debra K and Chandler, Julie and Studenski, Stephanie},
	Journal = {Journal of gerontology},
	Number = {6},
	Pages = {M192--M197},
	Publisher = {Oxford University Press},
	Title = {Functional reach: a new clinical measure of balance},
	Volume = {45},
	Year = {1990}}

@article{Babicetal14,
	Author = {Babi\v{c}, J and Petri\v{c}, T and Peternel, L and \v{S}arabon, N},
	Journal = {Gait and Posture},
	Number = {3},
	Pages = {441--446},
	Title = {Effects of supportive hand contact on reactive postural control during support perturbations.},
	Volume = {40},
	Year = {2014}}

@article{Bowling&Khatib05,
	Author = {Bowling, A and Khatib, O},
	Journal = {IEEE Trans. Robotics},
	Month = {Feb},
	Number = {1},
	Pages = {115--123},
	Title = {The dynamic capability equations: a new tool for analyzing robotic manipulator performance.},
	Volume = {21},
	Year = {2005}}

@article{Dotyetal93,
	Author = {Doty, K and Melchiorri, C and Bonivento, C},
	Journal = {Int. J. Robotics Research},
	Month = {Feb},
	Number = {1},
	Pages = {1--19},
	Title = {A theory of generalized inverses applied to robotics},
	Volume = {12},
	Year = {1993}}

@article{Dotyetal95,
	Author = {Doty, K and Melchiorri, C and Schwartz, E and Bonivento, C},
	Journal = {IEEE Trans. Robotics and Automation},
	Month = {June},
	Number = {3},
	Pages = {462--468},
	Title = {Robot manipulability},
	Volume = {11},
	Year = {1995}}

@book{Featherstone08,
	Author = {Featherstone, R},
	Publisher = {Springer},
	Title = {Rigid body dynamics algorithms},
	Year = {2008}}

@inproceedings{Featherstone13,
	Address = {Paris, France},
	Author = {Featherstone, R},
	Booktitle = {19th Symposium on Robot Design, Dynamics and Control (RoManSy)},
	Pages = {259--266},
	Title = {Analysis and design of planar self-balancing double-pendulum robots},
	Year = {2012}}

@inproceedings{Featherstone15,
	Address = {Rome, Italy},
	Author = {Featherstone, R},
	Booktitle = {Int. Conf. Robotics Science \& Systems},
	Title = {Quantitative measures of a robot's ability to balance},
	Year = {2015}}

@inproceedings{Goswami99,
	Author = {Goswami, A},
	Booktitle = {IEEE Int. Conf. Robotics and Automation},
	Pages = {47--52},
	Title = {Foot rotation indicator (FRI) point: a new gait planning tool to evaluate postural stability of biped robots.},
	Year = {1999}}

@inproceedings{Goswami&Kallem04,
	Address = {New Orleans, LA},
	Author = {Goswami, A and Kallem, V},
	Booktitle = {IEEE Int. Conf. Robotics and Automation},
	Pages = {3785--3790},
	Title = {Rate of change of angular momentum and balance maintenance of biped robots.},
	Year = {2004}}

@article{Gardetal04,
	Author = {Gard, S and Miff, S and Kuo, A},
	Journal = {J. Human Movement Science},
	Number = {6},
	Pages = {597--610},
	Publisher = {Elsevier},
	Title = {Comparison of kinematic and kinetic methods for computing the vertical motion of the body center of mass during walking.},
	Volume = {22},
	Year = {2004}}

@inproceedings{Guetal15,
	Address = {Seattle, Washington},
	Author = {Gu, Y and Lee, C and Yao, B},
	Booktitle = {IEEE Int. Conf. Robotics and Automation},
	Month = {May},
	Pages = {5082--5087},
	Title = {Feasible center of mass dynamic manipulability of humanoid robots},
	Year = {2015}}

@inproceedings{Guilamoetal06,
	Address = {Orlando, Florida},
	Author = {Guilamo, L and Kuffner, J and Nishiwaki, K and Kagami, S},
	Booktitle = {IEEE Int. Conf. Robotics and Automation},
	Month = {May},
	Pages = {2017--2022},
	Title = {Manipulability optimization for trajectory generation.},
	Year = {2006}}

@article{Harnefors&Nee00,
	Author = {Harnefors, L and Nee, H},
	Journal = {IEEE Trans. Industrial Electronics},
	Month = {Feb},
	Number = {1},
	Pages = {77--83},
	Title = {A general algorithm for speed and position estimation of AC motors.},
	Volume = {47},
	Year = {2000}}

@article{Horak&Nashner86,
	Author = {Horak, F and Nashner, L},
	Journal = {J. Neurophysiology},
	Number = {6},
	Pages = {1369--1381},
	Titile = {Central programming of postural movements: adaptation to altered support-surface configurations.},
	Volume = {55},
	Year = {1986}}

@article{Maki&Mcllroy97,
	Author = {Maki, B and Mcllroy W},
	Journal = {Physical Therapy},
	Number = {5},
	Pages = {488--507},
	Title = {The role of limb movements in maintaining upright stance: the change-in-support strategy.},
	Volume = {77},
	Year = {1997}}

@article{Mergner10,
	Author = {Mergner, T},
	Journal = {Annual Reviews in Control},
	Number = {2},
	Pages = {177--198},
	Title = {A neurological view on reactive human stance control},
	Volume = {34},
	Year = {2010}}

@inproceedings{Naksuk&Lee06,
	Address = {Orlando, Florida},
	Author = {Naksuk, N and Lee, C},
	Booktitle = {IEEE Int. Conf. Robotics and Automation},
	Month = {May},
	Pages = {1970--1975},
	Title = {Zero moment point manipulability ellipsoid},
	Year = {2006}}

@article{Peternel&Babic13,
	Author = {Peternel, L and Babi\v{c}, J},
	Journal = {J. Advanced Robotics},
	Month = {June},
	Number = {13},
	Pages = {003--1012},
	Title = {Learning of compliant human-robot interaction using full-body haptic interface.},
	Volume = {27},
	Year = {2013}}

@article{Prattichizzoetal12,
	Author = {Prattichizzo, D and Malvezzi, M and Gabiccini, M and Bicchi, A},
	Journal = {Robotics and Autonomous Systems},
	Month = {March},
	Number = {3},
	Pages = {337--346},
	Title = {On the manipulability ellipsoids of underactuated robotic hands with compliance.},
	Volume = {60},
	Year = {2012}}

@article{Hermensetal99,
	Address = {The Netherlands: Roessingh Research and Development},
	Author = {Hermens, J and Freriks, B and Merletti, R and Stegeman, D and Blok, J and Rau, G and Disselhorst-Klug, C and Hagg, G},
	Journal = {Enschede},
	Title = {European Recommendations for Surface Electromyography: Results of the Seniam Project (SENIAM)},
	Year = {1999}}

@inproceedings{Sugihara&Nakamura02,
	Address = {Lausanne, Switzerland},
	Author = {Sugihara, T and Nakamura, Y},
	Booktitle = {IEEE/RSJ Int. Conf. Intelligent Robots and Systems},
	Month = {Oct},
	Pages = {2575--2580},
	Title = {Whole-body cooperative balancing of humanoid robot using COG Jacobian},
	Year = {2002}}

@article{Vukobratovic&Borovac04,
	Author = {Vukobratovi\'{c}, M and Borovac, B},
	Journal = {Int. J. Humanoid Robotics},
	Number = {1},
	Pages = {157--173},
	Title = {Zero-moment point -- thirty five years of its life.},
	Volume = {1},
	Year = {2004}}

@article{Vukobratovicetal70,
	Author = {Vukobratovi\'{c}, M and Frank, A and Juri\v{c}i\'{c}, D},
	Journal = {IEEE Trans. Biomedical Engineering},
	Month = {Jan},
	Number = {1},
	Pages = {25--26},
	Title = {On the stability of biped locomotion.},
	Volume = {17},
	Year = {1970}}

@article{Winter95,
	Author = {Winter, D},
	Journal = {Gait and Posture},
	Number = {4},
	Pages = {193--214},
	Title = {Human balance and posture control during standing and walking.},
	Volume = {3},
	Year = {1995}}

@article{Yoshikawa85,
	Author = {Yoshikawa, T},
	Journal = {J. Robot Systems},
	Number = {1},
	Pages = {113--124},
	Title = {Dynamic manipulability of robot manipulators.},
	Volume = {2},
	Year = {1985}}

@techreport{Zlajpah&Babic14,
	Author = {\v{Z}lajpah, L and Babi\v{c}, J},
	Institution = {Jo\v{z}ef Stefan Institute, Ljubljana, Slovenia},
	Title = {Body model 1.0 quick user manual.},
	Year = {2014}}

@online{Featherstone,
	Author = {Featherstone, R},
	Title = {Spatialv2: Matlab toolbox},
	Url = {http://royfeatherstone.org/spatial/v2/index.html},
	Bdsk-Url-1 = {http://royfeatherstone.org/spatial/v2/index.html}}

@article{Anderson2007,
	Author = {Anderson, Dennis E. and Madigan, Michael L. and Nussbaum, Maury A.},
	Doi = {10.1016/j.jbiomech.2007.03.022},
	Isbn = {0021-9290 (Print)$\backslash$n0021-9290 (Linking)},
	Issn = {0021-9290},
	Journal = {Journal of biomechanics},
	Keywords = {Dynamometer,Force-length,Force-velocity,Joint torque,Muscle strength},
	Month = {jan},
	Number = {14},
	Pages = {3105--13},
	Pmid = {17485097},
	Title = {{Maximum voluntary joint torque as a function of joint angle and angular velocity: model development and application to the lower limb.}},
	Url = {http://linkinghub.elsevier.com/retrieve/pii/S0021929007001431 http://www.ncbi.nlm.nih.gov/pubmed/17485097},
	Volume = {40},
	Year = {2007},
	Bdsk-Url-1 = {http://linkinghub.elsevier.com/retrieve/pii/S0021929007001431%20http://www.ncbi.nlm.nih.gov/pubmed/17485097},
	Bdsk-Url-2 = {http://dx.doi.org/10.1016/j.jbiomech.2007.03.022}}

@article{Bober2002,
	Author = {Bober, Tadeusz and Kulig, Kornelia and Burnfield, Judith M},
	Journal = {Acta of Bioengineering and Biomechanics},
	Keywords = {extremities,human,strength},
	Number = {2},
	Pages = {49--61},
	Title = {{Predictive torque equations for joints of the extremities}},
	Volume = {4},
	Year = {2002}}

@article{Gandevia1998,
	Author = {Gandevia, S. C. and Herbert, R. D. and Leeper, J. B.},
	Doi = {10.1111/j.1469-7793.1998.595be.x},
	Isbn = {0022-3751 (Print) 0022-3751 (Linking)},
	Issn = {00223751},
	Journal = {Journal of Physiology},
	Keywords = {1998,2,512,595,602,contraction,fatigue,journal of physiology,muscle,pp},
	Number = {2},
	Pages = {595--602},
	Pmid = {9763647},
	Title = {{Voluntary activation of human elbow flexor muscles during maximal concentric contractions}},
	Volume = {512},
	Year = {1998},
	Bdsk-Url-1 = {http://dx.doi.org/10.1111/j.1469-7793.1998.595be.x}}

@article{Moraux2013,
	Author = {Moraux, Am{\'{e}}lie and Canal, Aur{\'{e}}lie and Ollivier, Gwenn and Ledoux, Isabelle and Doppler, Val{\'{e}}rie and Payan, Christine and Hogrel, Jean-Yves},
	Doi = {10.1186/1471-2474-14-104},
	Isbn = {1471-2474 (Electronic)$\backslash$r1471-2474 (Linking)},
	Issn = {1471-2474},
	Journal = {BMC musculoskeletal disorders},
	Keywords = {80 and over,Adolescent,Adult,Aged,Ankle Joint,Ankle Joint: physiology,Articular,Articular: physiology,Child,Feasibility Studies,Female,Heel,Heel: physiology,Humans,Male,Middle Aged,Muscle Strength Dynamometer,Muscle Strength Dynamometer: standards,Preschool,Range of Motion,Torque,Young Adult},
	Pages = {104},
	Pmid = {23522186},
	Title = {{Ankle dorsi- and plantar-flexion torques measured by dynamometry in healthy subjects from 5 to 80 years.}},
	Url = {http://www.pubmedcentral.nih.gov/articlerender.fcgi?artid=3617997{\&}tool=pmcentrez{\&}rendertype=abstract http://www.ncbi.nlm.nih.gov/pubmed/23522186 http://www.pubmedcentral.nih.gov/articlerender.fcgi?artid=PMC3617997},
	Volume = {14},
	Year = {2013},
	Bdsk-Url-1 = {http://www.pubmedcentral.nih.gov/articlerender.fcgi?artid=3617997%7B%5C&%7Dtool=pmcentrez%7B%5C&%7Drendertype=abstract%20http://www.ncbi.nlm.nih.gov/pubmed/23522186%20http://www.pubmedcentral.nih.gov/articlerender.fcgi?artid=PMC3617997},
	Bdsk-Url-2 = {http://dx.doi.org/10.1186/1471-2474-14-104}}

@article{Wolpert11,
	Author = {Wolpert, D and Diedrichsen, J and Flanagan, R},
	Journal = {Nature Review Neuroscience},
	Number = {12},
	Pages = {739--751},
	Title = {Principles of sensorimotor learning},
	Volume = {12},
	Year = {2011}}

@article{Davidson&Wolpert03,
	Author = {Davidson, P and Wolpert, D},
	Journal = {Current Opinion in Neurobiol},
	Number = {2},
	Title = {Motor learning and prediction in a variable environment},
	Volume = {13},
	Year = {2003}}

@article{Goodbody&Wolpert98,
	Author = {Goodbody, S and Wolpert, D},
	Journal = {Journal of Neurophysiology},
	Number = {4},
	Pages = {1825--1838},
	Title = {Temporal and amplitude generalization in motor learning},
	Volume = {79},
	Year = {1998}}

@article{Krakauer06,
	Author = {Krakauer, J and Mazzoni, P and Ghazizadeh, A and Ravindran, R and Shadmehr, R},
	Journal = {PLoS Biology},
	Number = {10},
	Pages = {1798--1808},
	Title = {Generalization of motor learning depends on the history of prior action},
	Volume = {4},
	Year = {2006}}

@article{Berret&Jean16,
	Author = {Berret, B and Jean, F},
	Journal = {The Journal of Neuroscience},
	Number = {4},
	Pages = {1056--1070},
	Title = {Why don't we move slower? The value of time in the neural control of action},
	Volume = {36},
	Year = {2016}}

@article{Rank&Diluca15,
	Author = {Rank, M and Di Luca, M},
	Journal = {Journal of Experimental Psychology: Human Perception and Performance},
	Number = {3},
	Pages = {738--746},
	Title = {Speed/accuracy tradeoff in force perception},
	Volume = {41},
	Year = {2015}}
	
@article{ivaldi2015towards,
  title={Towards engagement models that consider individual factors in HRI: on the relation of extroversion and negative attitude towards robots to gaze and speech during a human-robot assembly task},
  author={Ivaldi, Serena and Lefort, Sebastien and Peters, Jan and Chetouani, Mohamed and Provasi, Joelle and Zibetti, Elisabetta},
  journal={arXiv preprint arXiv:1508.04603},
  year={2015},
  url = {http://arxiv.org/pdf/1508.04603v1}
}
