@inproceedings{Fiorio2014,
	author = "Carlo Ciliberto and Luca Fiorio and Marco Maggiali and Lorenzo Natale and Lorenzo Rosasco and Giorgio Metta and Giulio Sandini and Francesco Nori",
	title = "Exploiting global force torque measurements for local compliance estimation in tactile arrays",
	booktitle = "Submitted to IEEE/RSJ International Conference on Intelligent Robots and Systems (IROS 2014)",
	year = 2014,
	address = "Chicago, Illinois"
}

@inproceedings{Traversaro2014,
	author = "Silvio Traversaro and Andrea Del Prete and Serena Ivaldi and Francesco Nori",
	title = "Avoiding to rely on Inertial Parameters in Estimating Joint Torques with proximal F/T sensing",
	booktitle = "Submitted to IEEE/RSJ International Conference on Intelligent Robots and Systems (IROS 2014)",
	year = 2014,
	address = "Chicago, Illinois"
}

@inproceedings{Traversaro2013,
	author = "Traversaro, Silvio and {Del Prete}, Andrea and Muradore, Riccardo and Natale, Lorenzo and Nori, Francesco",
	title = "{Inertial Parameter Identification Including Friction and Motor Dynamics}",
	booktitle = "Humanoid Robots, 13th IEEE-RAS International Conference on",
	year = 2013,
	address = "Atlanta, USA",
	month = "October",
	url = "http://www.humanoids2013.com/"
}

@misc{Mingo2014,
	Author = {Enrico Mingo Hoffman and Silvio Traversaro and Alessio Rocchi and Mirko Ferrati and Alessandro Settimi and Lorenzo  Natale and Antonio Bicchi and Francesco Nori and Nikos Tsagarakis},
	Date-Added = {2014-04-15 08:08:35 +0000},
	Date-Modified = {2014-04-15 08:10:29 +0000},
	Howpublished = {Modelling and Simulation for Autonomous Systems Workshop (MESAS 2014).},
	Month = {March},
	Title = {A {Y}{A}{R}{P} based plugin for Gazebo simulator},
	Year = {2014}
}

@inproceedings{Traversaro2015,
author="Traversaro, S.
and Del Prete, A.
and Ivaldi, S.
and Nori, F.",
title="Inertial parameters identification and joint torques estimation with proximal force/torque sensing",
year="2015",
address="Seattle, USA, May 26th - 30th, 2015",
booktitle="{I}{E}{E}{E} International Conference on Robotics and Automation (ICRA 2015)"
}

@inproceedings{Traversaro2015b,
author="Traversaro, S.
and Pucci, D. 
and Nori, F.",
title="In Situ Calibration of Six-Axis Force-Torque Sensors using Accelerometer Measurements",
year="2015",
address="Seattle, USA, May 26th - 30th, 2015",
booktitle="{I}{E}{E}{E} International Conference on Robotics and Automation (ICRA 2015)"
}

@inproceedings{Nori2015,
author="Nori, F.",
title="BERDY: Bayesian Estimation for Robot Dynamics",
year="2015",
booktitle="submitted"
}

@inproceedings{Nori2015b,
author="Nori, F. and Kuppuswamy, N. and Traversaro, S.",
title="Covariance estimation in Newton-Euler equations with redundant measurements: application to articulated rigid bodies.",
year="2015",
booktitle="submitted"
}



@InProceedings{Azadetal14,
  author = {Azad, M and Babi\v{c}, J and Mistry, M},
  title = {Effects of hand contact on the stability of a planar humanoid with
                  a momentum based controller},
  booktile = {IEEE-RAS Int. Conf. Humanoid Robots},
  address = {Madrid, Spain},
  month = {Nov},
  year = {2014}
  }

@InProceedings{Azad&Featherstone10,
  author = {Azad, M and Featherstone, R},
  title = {Modeling the contact between a rolling sphere and a compliant ground
  plane.},
  booktile = {Australasian Conf. Robotics and Automation},
  address = {Brisbane, Australia},
  month = {Dec},
  year = {2010}
  }

@InProceedings{Azad&Featherstone12,
  author = {Azad, M and Featherstone, R},
  title = {Angular momentum based controller for balancing an inverted double pendulum.},
  booktile = {RoManSy 19-Robot Design, Dynamics and Control},
  pages = {251--258},
  address = {Paris, France},
  month = {June},
  year = {2012}
  }

@article{Azad&Featherstone14a,
  author = {Azad, M and Featherstone, R},
  title = {A new nonlinear model of contact normal force},
  journal = {IEEE Trans. Robotics},
  volume = {30},
  number = {3},
  pages = {736--739},
  month = {June},
  year = {2014}
  }

@InProceedings{Bouyarmane&Kheddar11,
  author = {Bouyarmane, K and Kheddar, A},
  title = {FEM-based static posture planning for a humanoid on deformable contact support},
  booktile = {IEEE-RAS Int. Conf. Humanoid Robots},
  pages = {487--492},
  address = {Bled, Slovenia},
  month = {Oct},
  year = {2011}
  }

@InProceedings{Dallalietal13,
  author = {Dallali, H and Mosadeghzad, M and Medrano-Cerda, G and Docquier,
                  N},
  title = {Development of a dynamic simulator for a compliant humanoid robot
                  based on a symbolic multibody approach},
  booktile = {IEEE Int. Conf. Mechatronics},
  pages = {598--603},
  address = {Vicenza, Italy},
  month = {Feb},
  year = {2013}
  }

@article{Diolaitietal05,
  author = {Diolaiti, N and Melchiorri, C and Stramigioli, S},
  title = {Contact impedance estimation for robotic systems},
  journal = {IEEE Trans. Robotics},
  volume = {21},
  number = {5},
  pages = {925--935},
  month = {Oct},
  year = {2005}
  }

@article{Ericksonetal03,
  author = {Erickson, D and Weber, M and Sharf, I},
  title = {Contact stiffness and damping estimation for robotic systems},
  journal = {Int. J. Robotics Research},
  volume = {22},
  number = {1},
  pages = {41--57},
  month = {Jan},
  year = {2003}
  }

@InProceedings{Goswami&Kallem04,
  author = {Goswami, A and Kallem, V},
  title = {Rate of change of angular momentum and balance maintenance of biped robots},
  booktile = {IEEE Int. Conf. Robotics and Automation},
  pages = {3785--3790},
  address = {New Orleans, LA},
  month = {April},
  year = {2004}
  }

@InProceedings{Hofmannetal09,
  author = {Hofmann, A and Popovic, M and Herr, H},
  title = {Exploiting angular momentum to enhance bipedal center-of-mass control},
  booktile = {IEEE Int. Conf. Robotics and Automation},
  pages = {4423--4429},
  address = {Kobe, Japan},
  month = {May},
  year = {2009}
  }

@article{Hunt&Crossley75,
  author = {Hunt, K and Crossley, F},
  title = {Coefficient of restitution interpreted as damping in vibroimpact},
  journal = {J. Applied Mechanics},
  volume = {42},
  number = {2},
  pages = {440--445},
  year = {1975}
  }

@article{Jain&Liu11,
  author = {Jain, S and Liu, C},
  title = {Controlling physics-based characters using soft contacts},
  journal = {ACM Trans. Graphics},
  volume = {30},
  number = {6},
  articleno = {163},
  year = {2011}
  }

@book{Johnson77,
  author = {Johnson, K},
  title = {Contact mechanics},
  publisher = {Cambridge University Press},
  year = {1977}
  }

@article{Lee&Goswami12,
  author = {Lee, S and Goswami, A},
  title = {A momentum-based balance controller for humanoid robots on non-level and non-stationary ground},
  journal = {Autonomous Robots},
  volume = {33},
  number = {4},
  pages = {399--414},
  publisher = {Springer},
  year = {2012}
  }

@article{Macchiettoetal09,
  author = {Macchietto, A and Zordan, V and Shelton, C},
  title = {Momentum control for balance},
  journal = {ACM Trans. Graphics},
  volume = {28},
  number = {3},
  pages = {80--87},
  year = {2009}
  }

@article{Marhefka&Orin99,
  author = {Marhefka, D and Orin, D},
  title = {A compliant contact model with nonlinear damping for simulation of robotic systems},
  journal = {IEEE Trans. Systems, Man, and Cybernetics-part A: Systems and Humans},
  volume = {29},
  number = {6},
  pages = {566--572},
  year = {1999}
  }

@article{Xydes&Kao99,
  author = {Xydes, N and Kao, I},
  title = {Modeling of contact mechanics and friction limit surfaces for soft fingers in robotics, with experimental
  results},
  journal = {Int. J. Robotics Research},
  volume = {18},
  number = {9},
  pages = {941--950},
  month = {Sep},
  year = {1999}
  }