@inproceedings{Bouyarmane2011,
  title={\href{https://doi.org/10.1109/IROS.2011.6094483}{Using a multi-objective controller to synthesize simulated humanoid robot motion with changing contact configurations}},
  author={Bouyarmane, Karim and Kheddar, Abderrahmane},
  booktitle={IEEE/RSJ International Conference on Intelligent Robots and Systems},
  pages={4414--4419},
  year={2011},
  organization={IEEE}
}

@article{Bouyarmane2012,
  title={\href{http://dx.doi.org/10.1080/01691864.2012.686345}{Humanoid robot locomotion and manipulation step planning}},
  author={Bouyarmane, Karim and Kheddar, Abderrahmane},
  journal={Advanced Robotics},
  volume={26},
  number={10},
  pages={1099--1126},
  year={2012},
  publisher={Taylor \& Francis}
}

@article{Saab2013,
  title={\href{https://doi.org/10.1109/TRO.2012.2234351}{Dynamic whole-body motion generation under rigid contacts and other unilateral constraints}},
  author={Saab, Layale and Ramos, Oscar E and Keith, Fran{\c{c}}ois and Mansard, Nicolas and Soueres, Philippe and Fourquet, Jean-Yves},
  journal={IEEE Transactions on Robotics},
  volume={29},
  number={2},
  pages={346--362},
  year={2013},
  publisher={IEEE}
}

@incollection{Wieber2017,
  title = {\href{https://hal.inria.fr/hal-01418462}{Geometric and numerical aspects of redundancy}},
  author = {Wieber, Pierre-Brice and Escande, Adrien and Dimitrov, Dimitar and Sherikov, Alexander},
  booktitle = {{Geometric and Numerical Foundations of Movements}},
  year = {2017},
  hal_id = {hal-01418462},
  hal_version = {v1},
}


@INPROCEEDINGS{Antonova2016,
author={R. Antonova and A. Rai and C. G. Atkeson},
booktitle={IEEE-RAS International Conference on Humanoid Robots},
title={\href{https://doi.org/10.1109/HUMANOIDS.2016.7803249}{Sample efficient optimization for learning controllers for bipedal locomotion}},
year={2016},
pages={22-28},
month={Nov}
}

@inproceedings{Lober2016,
    author = {R. Lober and V. Padois and O. Sigaud},
    booktitle = {IEEE-RAS 16th International Conference on Humanoid Robots},
    title = {\href{https://doi.org/10.1109/HUMANOIDS.2016.7803348}{Efficient reinforcement learning for humanoid whole-body control}},
    year = {2016},
    pages = {684-689},
    month = {Nov}
}

@inproceedings{Koenemann2015,
	title = {{Whole-body model-predictive control applied to the HRP-2 humanoid}},
    author={J. Koenemann and A. Del Prete and Y. Tassa and E. Todorov and O. Stasse and M. Bennewitz and N. Mansard},
    booktitle={IEEE/RSJ International Conference on Intelligent Robots and Systems},
    year={2015},
    pages={3346-3351},
    doi={10.1109/IROS.2015.7353843},
    month={Sept},
}

@InBook{Ibanez2016,
author = {Ibanez, Aur\'{e}lien and Bidaud, Philippe and Padois, Vincent},
editor = {Goswami, Ambarish and Vadakkepat, Prahlad},
title = {Humanoid Robotics: A Reference},
chapter = {Optimization-based control approaches to humanoid balancing},
publisher = {Springer},
year = {To appear in 2017}
}

@inproceedings{Tassa2012,
  title={Synthesis and stabilization of complex behaviors through online trajectory optimization},
  author={Tassa, Yuval and Erez, Tom and Todorov, Emanuel},
  booktitle={Intelligent Robots and Systems (IROS), 2012 IEEE/RSJ International Conference on},
  pages={4906--4913},
  year={2012},
  organization={IEEE}
}

@article{Pham2014,
  title={\href{https://doi.org/10.1109/TRO.2014.2351113}{A general, fast, and robust implementation of the time-optimal path parameterization algorithm}},
  author={Pham, Quang-Cuong},
  journal={IEEE Transactions on Robotics},
  volume={30},
  number={6},
  pages={1533--1540},
  year={2014},
  ISSN={1552-3098},
  month={Dec},
  publisher={IEEE}
}

@article{Pham2016,
  title={Admissible velocity propagation: Beyond quasi-static path planning for high-dimensional robots},
  author={Pham, Quang-Cuong and Caron, St{\'e}phane and Lertkultanon, Puttichai and Nakamura, Yoshihiko},
  journal={The International Journal of Robotics Research},
  pages={0278364916675419},
  year={2016},
  publisher={SAGE Publications}
}

@inproceedings{Cognetti2014,
  title={Task-oriented whole-body planning for humanoids based on hybrid motion generation},
  author={Cognetti, Marco and Mohammadi, Pouya and Oriolo, Giuseppe and Vendittelli, Marilena},
  booktitle={Intelligent Robots and Systems (IROS 2014), 2014 IEEE/RSJ International Conference on},
  pages={4071--4076},
  year={2014},
  organization={IEEE}
}

@inproceedings{Harada2008,
  title={Kinodynamic gait planning for full-body humanoid robots},
  author={Harada, Kensuke and Morisawa, Mitsuharu and Miura, Kanako and Nakaoka, Shin-ichiro and Fujiwara, Kiyoshi and Kaneko, Kenji and Kajita, Shuuji},
  booktitle={Intelligent Robots and Systems, 2008. IROS 2008. IEEE/RSJ International Conference on},
  pages={1544--1550},
  year={2008},
  organization={IEEE}
}

@inproceedings{Yoshida2005b,
  title={Motion planning for whole body tasks by humanoid robot},
  author={Yoshida, Eiichi and Guan, Yisheng and Sian, Neo Ee and Hugel, Vincent and Blazevic, Pierre and Kheddar, Abderrahmane and Yokoi, Kazuhito},
  booktitle={IEEE International Conference on Mechatronics and Automation},
  volume={4},
  pages={1784--1789},
  year={2005},
  organization={IEEE}
}

@article{Kuffner2002,
  title={Dynamically-stable motion planning for humanoid robots},
  author={Kuffner, James J and Kagami, Satoshi and Nishiwaki, Koichi and Inaba, Masayuki and Inoue, Hirochika},
  journal={Autonomous Robots},
  volume={12},
  number={1},
  pages={105--118},
  year={2002},
  publisher={Springer}
}

@inproceedings{Calandra2014,
  title={\href{http://spiral.imperial.ac.uk:8080/bitstream/10044/1/15225/8/LION8.pdf}{Bayesian gait optimization for bipedal locomotion}},
  author={Calandra, Roberto and Gopalan, Nakul and Seyfarth, Andr{\'e} and Peters, Jan and Deisenroth, Marc Peter},
  booktitle={International Conference on Learning and Intelligent Optimization},
  pages={274--290},
  year={2014},
  organization={Springer}
}

@article{Ollivier2011,
  title={\href{https://arxiv.org/pdf/1106.3708.pdf}{Information-geometric optimization algorithms: A unifying picture via invariance principles}},
  author={Ollivier, Yann and Arnold, Ludovic and Auger, Anne and Hansen, Nikolaus},
  journal={arXiv preprint arXiv:1106.3708},
  year={2011}
}

@inproceedings{Perrin2015,
  author = {Perrin, N. and Lau, D. and Padois, V.},
  title = {\href{https://drive.google.com/open?id=0B1vGYIDIMZ0YeHNBY0R1UDlYSlU}{Effective Generation of Dynamically Balanced Locomotion with Multiple Non-coplanar Contacts}},
  booktitle = {International Symposium on Robotics Research},
  year = {2015}
}

@INPROCEEDINGS{Modugno2016,
author={V. Modugno and G. Neumann and E. Rueckert and G. Oriolo and J. Peters and S. Ivaldi},
booktitle={IEEE International Conference on Robotics and Automation},
title={\href{https://doi.org/10.1109/ICRA.2016.7487137}{Learning soft task priorities for control of redundant robots}},
year={2016},
pages={221-226},
month={May}}

@inproceedings{modugno2016learning,
  title={Learning soft task priorities for safe control of humanoid robots with constrained stochastic optimization},
  author={Modugno, Valerio and Chervet, Ugo and Oriolo, Giuseppe and Ivaldi, Serena},
  booktitle={Humanoid Robots (Humanoids), 2016 IEEE-RAS 16th International Conference on},
  pages={101--108},
  year={2016}
}

@incollection{Hansen2006,
   author    = {Hansen, N.},
   title     = {\href{http://dx.doi.org/10.1007/3-540-32494-1_4}{The {CMA} evolution strategy: a comparing review}},
   booktitle = {Towards a new evolutionary computation. Advances on estimation of distribution algorithms},
   publisher = {Springer},
   year      = {2006},
   editor    = {Lozano, J.A. and Larranaga, P. and Inza, I. and Bengoetxea, E.},
   pages     = {75--102}
}


@inproceedings{Kunz2012,
  title={\href{http://www.roboticsproceedings.org/rss08/p27.pdf}{Time-optimal trajectory generation for path following with bounded acceleration and velocity}},
  author={Kunz, Tobias and Stilman, Mike},
  journal={Robotics: Science and Systems},
  year={2012}
}

@inproceedings{Englert2016,
  author = {Englert, Peter and Toussaint, Marc},
  booktitle = {Robotics: Science and Systems},
  title = {\href{https://ipvs.informatik.uni-stuttgart.de/mlr/papers/16-englert-RSS.pdf}{Combined Optimization and Reinforcement Learning for Manipulations Skills}},
  year = {2016}
}

@misc{Stulp2013a,
category = {ACTN},
author = {Stulp, F. and Sigaud, O.},
title = {Policy Improvement: Between Black-Box Optimization and Episodic Reinforcement Learning},
year = {2012},
pdf = {http://www.isir.upmc.fr/files/2013ACTN2859.pdf},
booktitle = {Proceedings JFPDA},
pages = {1-15}
}


@inproceedings{Keith2009,
title = {Optimization of tasks warping and scheduling for smooth sequencing of robotic actions},
author = {Keith, Fran{\c{c}}ois and Mansard, Nicolas and Miossec, Sylvain and Kheddar, Abderrahmane},
booktitle = {IEEE/RSJ International Conference on Intelligent Robots and Systems},
pages = {1609--1614},
year = {2009}
}



@article{Dietrich2015,
    author = {Dietrich, Alexander and Ott, Christian and Albu-Sch\"{a}ffer, Alin},
    title = {\href{http://dx.doi.org/10.1177/0278364914566516}{An overview of null space projections for redundant torque-controlled robots}},
    volume = {34},
    number = {11},
    pages = {1385-1400},
    year = {2015},
    doi = {10.1177/0278364914566516},
    journal = {The International Journal of Robotics Research}
}


@inproceedings{Bouyarmane2011,
	author={Bouyarmane, K. and Kheddar, A.},
	booktitle={IEEE/RSJ International Conference on Intelligent Robots and Systems},
	title={\href{http://dx.doi.org/10.1109/IROS.2011.6094483}{Using a multi-objective controller to synthesize simulated humanoid robot motion with changing contact configurations}},
	year={2011},
	pages={4414-4419},
	ISSN={2153-0858},
	month={Sept},
}

@book{Mockus2012,
    title = {\href{http://www.springer.com/us/book/9789401068987}{Bayesian approach to global optimization: theory and applications}},
    author = {J. Mockus},
    volume = {37},
    year = {2012},
    publisher = {Springer Science \& Business Media},
}

@article{Snoek2015,
    author = {{Snoek}, J. and {Rippel}, O. and {Swersky}, K. and {Kiros}, R. and
    {Satish}, N. and {Sundaram}, N. and {Patwary}, M.~M.~A. and
    {Prabhat} and {Adams}, R.~P.},
    title = "{\href{http://adsabs.harvard.edu/abs/2015arXiv150205700S}{Scalable Bayesian Optimization Using Deep Neural Networks}}",
    journal = {ArXiv e-prints},
    archivePrefix = "arXiv",
    eprint = {1502.05700},
    primaryClass = "stat.ML",
    keywords = {Statistics - Machine Learning},
    year = 2015,
    month = Feb,
    adsnote = {Provided by the SAO/NASA Astrophysics Data System}
}

@incollection{Billard2008,
  title={Robot programming by demonstration},
  author={Billard, Aude and Calinon, Sylvain and Dillmann, Ruediger and Schaal, Stefan},
  booktitle={Springer handbook of robotics},
  pages={1371--1394},
  year={2008},
  publisher={Springer}
}

@article{Ijspeert2013,
	Author = {Ijspeert, Auke Jan and Nakanishi, Jun and Hoffmann, Heiko and Pastor, Peter and Schaal, Stefan},
	Doi = {10.1162/NECO\_a\_00393},
	Journal = {Neural computation},
	Month = Feb,
	Number = {2},
	Pages = {328--73},
	Title = {Dynamical movement primitives: learning attractor models for motor behaviors.},
	Volume = {25},
	Year = {2013},
	Bdsk-Url-1 = {http://dx.doi.org/10.1162/NECO%5C_a%5C_00393}
}


@article{Stulp2010,
	Author = {Stulp, Freek and Buchli, Jonas and Theodorou, Evangelos and Schaal, Stefan},
	Doi = {10.1109/ICHR.2010.5686320},
	Isbn = {978-1-4244-8688-5},
	Journal = {IEEE-RAS International Conference on Humanoid Robots},
	Month = {Dec},
	Pages = {405--410},
	Title = {Reinforcement learning of full-body humanoid motor skills},
	Year = {2010},
	Bdsk-Url-1 = {http://dx.doi.org/10.1109/ICHR.2010.5686320}
}


@article{Stulp2013,
    author = {Stulp, F. and Sigaud, O.},
    doi = {10.2478/pjbr-2013-0003},
    journal = {Paladyn Journal of Behavioral Robotics},
    month = Aug,
    number = {1},
    pages = {49--61},
    title = {\href{http://www.degruyter.com/view/j/pjbr.2013.4.issue-1/pjbr-2013-0003/pjbr-2013-0003.xml}{{Robot Skill Learning: From Reinforcement Learning to Evolution Strategies}}},
    volume = {4},
    year = {2013},
}


@inproceedings{Dai2014,
    title={\href{http://dx.doi.org/10.1109/HUMANOIDS.2014.7041375}{Whole-body motion planning with centroidal dynamics and full kinematics}},
    author={Dai, H. and Valenzuela, A. and Tedrake, R.},
    booktitle={IEEE-RAS International Conference on Humanoid Robots},
    pages={295--302},
    year={2014},
    organization={IEEE},
}


@inproceedings{Sentis2004,
    title={\href{http://www.robotics.stanford.edu/~lsentis/files/humanoids-2004-sentis.pdf}{Task-oriented control of humanoid robots through prioritization}},
    author={Sentis, L. and Khatib, O.},
    booktitle={IEEE-RAS International Conference on Humanoid Robots},
    year={2004},
}


@inproceedings{Dalibard2009,
    author={Dalibard, S. and Nakhaei, A. and Lamiraux, F. and Laumond, J.-P.},
    booktitle={IEEE-RAS International Conference on Humanoid Robots},
    title={\href{http://dx.doi.org/10.1109/ICHR.2009.5379547}{Whole-body task planning for a humanoid robot: a way to integrate collision avoidance}},
    year={2009},
    pages={355-360},
    doi={10.1109/ICHR.2009.5379547},
    month={Dec},
}

@inproceedings{Koch2015,
    author={Koch, K. Henning and Clever, D. and Mombaur, K. and Endres, D.},
    booktitle={IEEE-RAS International Conference on Humanoid Robots},
    title={\href{http://dx.doi.org/10.1109/HUMANOIDS.2015.7363463}{Learning movement primitives from optimal and dynamically feasible trajectories for humanoid walking}},
    year={2015},
    pages={866-873},
    month={Nov},
}

@article{Englert2016,
    author = {Englert, P. and Toussaint, M.},
    annote = {paper/2016_Englert.pdf},
    annote2 = {videos/2016_Englert.mp4},
    journal = {Under Review},
    title = {\href{http://www.peter-englert.net/paper/2016_Englert.pdf}{Generalized Reinforcement Learning for Manipulation Skills -- Combining Low-dimensional Bayesian Optimization with High-dimensional Motion Optimization}},
    year = {2016},
}

@inproceedings{Cantin2007,
    author={Martinez-Cantin, R. and de Freitas, N. and Castellanos, J.A.},
    booktitle={IEEE International Conference on Robotics and Automation},
    title={\href{http://dx.doi.org/10.1109/ROBOT.2007.363681}{Analysis of Particle Methods for Simultaneous Robot Localization and Mapping and a New Algorithm: Marginal-SLAM}},
    year={2007},
    pages={2415-2420},
    ISSN={1050-4729},
    month={April},
}

@article{Cully2015,
	author = "{Cully, A.} and {Clune, J.} and {Tarapore, D.} and {Mouret J.-B.}",
	issn = "0028-0836",
	journal = "Nature",
	month = "may",
	number = "7553",
	pages = "503--507",
	publisher = "Nature Publishing Group, a division of Macmillan Publishers Limited. All Rights Reserved.",
	title = "{\href{http://www.nature.com/nature/journal/v521/n7553/abs/nature14422.html\#supplementary-information}{Robots that can adapt like animals}}",
	volume = "521",
	year = "2015"
}



@inproceedings{Lizotte2007,
    title={\href{http://ijcai.org/papers07/Papers/IJCAI07-152.pdf}{Automatic Gait Optimization with Gaussian Process Regression}},
    author={Lizotte, D. J. and Wang, T. and Bowling, M. H. and Schuurmans, D.},
    booktitle={IJCAI},
    volume={7},
    pages={944--949},
    year={2007},
}

@inproceedings{Ibanez2014,
    title = {\href{https://doi.org/10.1109/IROS.2014.6943127}{Emergence of humanoid walking behaviors from Mixed-Integer Model Predictive Control}},
    author = {Ibanez, Aur\'{e}lien and Bidaud, Philippe and Padois, Vincent},
    booktitle = {IEEE/RSJ International Conference on Intelligent Robots and Systems},
    pages = {4014 - 4021},
    doi = {10.1109/IROS.2014.6943127},
    year = {2014},
    month = {Sept},
    address = {Chicago, USA}
}

@article{Kober2013,
    title = {\href{http://dx.doi.org/10.1177/0278364913495721}{Reinforcement learning in robotics: A survey}},
	Author = {Jens Kober and J. Andrew Bagnell and Jan Peters},
	Journal = {The International Journal of Robotics Research},
	Number = {11},
	Pages = {1238-1274},
	Volume = {32},
	Year = {2013},
}




@inproceedings{Lober2015,
    author={Lober, R. and Padois, V. and Sigaud, O.},
    booktitle={IEEE/RSJ International Conference on Intelligent Robots and Systems},
    title={\href{http://dx.doi.org/10.1109/IROS.2015.7353932}{Variance modulated task prioritization in Whole-Body Control}},
    year={2015},
    pages={3944-3949},
    month={Sept},
}


@inproceedings{Cox1992,
	author={Cox, D.D. and John, S.},
	booktitle={Systems, Man and Cybernetics, IEEE International Conference on},
	title={\href{http://dx.doi.org/10.1109/ICSMC.1992.271617}{A statistical method for global optimization}},
	year={1992},
	pages={1241-1246 vol.2},
	month={Oct},
}


@inproceedings{Srinivas2009,
author = {Srinivas, N. and Krause, A. and Kakade, S. M. and Seeger, M. W.},
  title     = {\href{http://arxiv.org/abs/0912.3995}{Gaussian Process Optimization in the Bandit Setting: No Regret and Experimental Design}},
  booktitle = {Proceedings of the 27th International Conference on Machine Learning (ICML-10), June 21-24, 2010, Haifa, Israel},
  pages     = {1015--1022},
  year      = {2010},
  timestamp = {Fri, 12 Jun 2015 19:15:11 +0200},
  bibsource = {dblp computer science bibliography, http://dblp.org}
}

@article{Brochu2010,
    author = {{Brochu}, E. and {Cora}, V.~M. and {de Freitas}, N.},
    title = "{\href{http://adsabs.harvard.edu/abs/2010arXiv1012.2599B}{A Tutorial on Bayesian Optimization of Expensive Cost Functions, with Application to Active User Modeling and Hierarchical Reinforcement Learning}}",
    journal = {ArXiv e-prints},
    archivePrefix = "arXiv",
    eprint = {1012.2599},
    primaryClass = "cs.LG",
    keywords = {Computer Science - Learning, G.1.6, G.3, I.2.6},
    year = 2010,
    month = dec,
    adsnote = {Provided by the SAO/NASA Astrophysics Data System}
}


@inproceedings{Salini2011,
    author={Salini, J. and Padois, V. and Bidaud, P.},
    booktitle={IEEE International Conference on Robotics and Automation},
    title={\href{http://dx.doi.org/10.1109/ICRA.2011.5980202}{Synthesis of complex humanoid whole-body behavior: A focus on sequencing and tasks transitions}},
    year={2011},
    pages={1283-1290},
    ISSN={1050-4729},
    month={May},
}

@article{Bouyarmane2015,
    author = {Bouyarmane, K. and Kheddar, A.},
    title = {\href{http://www.lirmm.fr/~bouyarmane/hal-01247118.pdf}{On Weight-Prioritized Multi-Task Control of Humanoid Robots}},
    year = {2015},
	journal = {IEEE Transactions on Automatic Control},
	month = {in revision},
}

@inproceedings{Koenig2004,
	title={\href{http://dx.doi.org/10.1109/IROS.2004.1389727}{Design and use paradigms for gazebo, an open-source multi-robot simulator}},
	author={Koenig, N. and Howard, A.},
	booktitle={IEEE/RSJ International Conference on Intelligent Robots and Systems},
	year={2004},
	volume={3},
	pages={2149--2154},
	organization={IEEE},
}

@article{Sentis2005,
	title={\href{http://www.me.utexas.edu/~lsentis/files/ijhr-05.pdf}{Synthesis of whole-body behaviors through hierarchical control of behavioral primitives}},
	author={Sentis, L. and Khatib, O.},
	journal={IEEE-RAS International Journal of Humanoid Robotics},
	volume={2},
	number={04},
	pages={505--518},
	year={2005},
	publisher={World Scientific},
}

@article{Wang2008,
    author={Wang, J.M. and Fleet, D.J. and Hertzmann, A.},
    journal={IEEE Transactions on Pattern Analysis and Machine Intelligence},
    title={\href{http://dx.doi.org/10.1109/TPAMI.2007.1167}{Gaussian Process Dynamical Models for Human Motion}},
    year={2008},
    volume={30},
    number={2},
    pages={283-298},
    ISSN={0162-8828},
    month={Feb},
}

@inproceedings{Yoshida2005a,
    author={Yoshida, E. and Belousov, I. and Esteves, C. and Laumond, J.-P.},
    booktitle={IEEE-RAS International Conference on Humanoid Robots},
    title={\href{http://dx.doi.org/10.1109/ICHR.2005.1573536}{Humanoid motion planning for dynamic tasks}},
    year={2005},
    pages={1-6},
    month={Dec},
}

@article {Laumond2014,
    author = { J.-P. Laumond and N. Mansard and J.-B. Lasserre },
    title = {\href{http://projects.laas.fr/gepetto/uploads/Publications/laumond-mansard-lasserre-2014.pdf }{Optimality in Robot Motion: Optimal Versus Optimized Motion}},
    journal = { Communication of the ACM },
    month = { September },
    volume = { 57 },
    number = { 9 },
    pages = { 82-89 },
    year = { 2014 },
}


@inproceedings{Graeve2010,
    author={Graeve, K. and Stueckler, J. and Behnke, S.},
    booktitle={ 41st International Symposium on Robotics (ISR) and 6th German Conference on Robotics (ROBOTIK)},
    title={\href{http://www.ais.uni-bonn.de/papers/ISR_Robotik_2010_Graeve_Learning.pdf}{Learning Motion Skills from Expert Demonstrations and Own Experience using Gaussian Process Regression}},
    year={2010},
    pages={1-8},
    month={June},
}

@article{Khatib2004,
    title={\href{http://www.worldscientific.com/doi/abs/10.1142/S0219843604000058}{Whole-body dynamic behavior and control of human-like robots}},
    author={Khatib, O. and Sentis, L. and Park, J. and Warren, J.},
    journal={International Journal of Humanoid Robotics},
    volume={1},
    number={01},
    pages={29--43},
    year={2004},
    publisher={World Scientific},
}

@book{Siciliano2008,
    title={\href{http://www.springer.com/fr/book/9783540239574}{Springer handbook of robotics}},
    author={Siciliano, B. and Khatib, O.},
    year={2008},
    publisher={Springer Science \& Business Media},
}

@article{Liu2015,
    author = {Liu, M. and Tan, Y. and Padois, V.},
    issn = {1573-7527},
    journal = {Autonomous Robots},
    number = {1},
    pages = {17--31},
    title = {\href{http://dx.doi.org/10.1007/s10514-015-9436-1}{Generalized hierarchical control}},
    volume = {40},
    year = {2015}
}


@article{Kang2014,
    title={\href{http://link.springer.com/article/10.1007%2Fs11044-014-9441-8}{Motion optimization using Gaussian process dynamical models}},
    author={Kang, H. and Park, F.C.},
    journal={Multibody System Dynamics},
    pages={1--19},
    year={2014},
    publisher={Springer},
}


@inproceedings{Paraschos2013,
    title={\href{http://papers.nips.cc/paper/5177-probabilistic-movement-primitives.pdf}{Probabilistic movement primitives}},
    author={Paraschos, A. and Daniel, C. and Peters, J. and Neumann, G.},
    booktitle={Advances in Neural Information Processing Systems},
    pages={2616--2624},
    year={2013},
}

@inproceedings{Kormushev2010,
    author={Kormushev, P. and Calinon, S. and Caldwell, D.G.},
    booktitle={IEEE/RSJ International Conference on Intelligent Robots and Systems},
    title={\href{http://dx.doi.org/10.1109/IROS.2010.5649089}{Robot motor skill coordination with EM-based Reinforcement Learning}},
    year={2010},
    pages={3232-3237},
    ISSN={2153-0858},
    month={Oct},
}

@article{Buchli2011,
	author = {Buchli, J. and Stulp, F. and Theodorou, E. and Schaal, S.},
	title = {\href{http://ijr.sagepub.com/content/30/7/820.abstract}{Learning variable impedance control}},
	journal = {The International Journal of Robotics Research},
	year = {2011},
	volume = {30},
	pages = {820--833},
	number = {7},
	month = {April},
	issn = {0278-3649},
}

@inproceedings{Calinon2014,
	author = {Calinon, S. and Bruno, D. and Caldwell, D.G.},
	title = {\href{http://dx.doi.org/10.1109/ICRA.2014.6907339}{A task-parameterized probabilistic model with minimal intervention control}},
	booktitle = {IEEE International Conference on Robotics and Automation},
	year = {2014},
	month = {May},
	isbn = {978-1-4799-3685-4},
}

@article{Calinon2012,
    author = {Calinon, S. and Li, Z.},
    title = {\href{http://dx.doi.org/10.1109/HUMANOIDS.2012.6651539}{Statistical dynamical systems for skills acquisition in humanoids}},
    journal = {IEEE-RAS International Conference on Humanoid Robots},
    year = {2012},
    pages = {323--329},
    isbn = {9781467313698},
}


@article{Escande2014,
    title = {\href{http://dx.doi.org/10.1177/0278364914521306}{Hierarchical quadratic programming: Fast online humanoid-robot motion generation}},
	Author = {Adrien Escande and Nicolas Mansard and Pierre-Brice Wieber},
	Journal = {The International Journal of Robotics Research},
	Number = {7},
	Pages = {1006-1028},
	Volume = {33},
	Year = {2014},
}

@inproceedings{Kanoun2009,
	author = {Kanoun, O. and Lamiraux, F. and Wieber, P.-B. and Kanehiro,
	F. and Yoshida, E. and Laumond, J.-P.},
	title = {\href{http://dx.doi.org/10.1109/ROBOT.2009.5152293}{Prioritizing linear equality and inequality systems: application to local motion planning for redundant robots}},
	booktitle = {IEEE International Conference on Robotics and Automation},
	year = {2009},
}


@article{DeLasa2009,
    author = {de Lasa, M. and Hertzmann, A.},
    title = {\href{http://dx.doi.org/10.1109/IROS.2009.5354341}{Prioritized optimization for task-space control}},
    journal = {IEEE/RSJ International Conference on Intelligent Robots and Systems},
    year = {2009},
    volume = {3},
    pages = {5755--5762},
    number = {2},
    month = {Oct},
    isbn = {978-1-4244-3803-7}
}

@inproceedings{Lober2014,
    author={Lober, R. and Padois, V. and Sigaud, O.},
    booktitle={IEEE-RAS International Conference on Humanoid Robots},
    title={\href{http://dx.doi.org/10.1109/IROS.2009.5354341}{Multiple task optimization using dynamical movement primitives for whole-body reactive control}},
    year={2014},
    pages={193-198},
    month={Nov},
}

@inproceedings{Muhlig2009,
    author={M{\"u}hlig, M. and Gienger, M. and Hellbach, S. and Steil, J. J. and Goerick, C.},
    title = {\href{http://dx.doi.org/10.1109/ROBOT.2009.5152439}{Task-level imitation learning using variance-based movement optimization}},
    booktitle = {IEEE/RSJ International Conference on Robotics and Automation},
    year = {2009},
    pages = {1177--1184},
    month = {May},
    isbn = {978-1-4244-2788-8},
}

@book{Rasmussen2006,
    publisher = {MIT Press},
    year = {2006},
    author = {Rasmussen, C. E. and Williams, C.},
    isbn = {0-262-18253-X},
    title = {\href{http://www.gaussianprocess.org/gpml/}{Gaussian processes for machine learning}}
}

@Article{lober2017RAL-IROS,
author = {Lober, R and Padois, V. and Sigaud, O.},
title = {Task compatibility optimization},
journal = {IEEE Robotics and Automation Letters},
year = {2017},
note = {Submitted}
}

@misc{Paraschos_2017,
	author = "Paraschos, A. and Peters, J. and Neumann, G.",
	note = "Under review",
	title = "Probabilistic Prioritization of Movement Primitives",
	year = 2017
}

@Incollection{ibanez_humanoidhandbook2016,
	AUTHOR = {Ibanez, A. and Bidaud, P. and Padois, V.},
	TITLE = {Optimization-based control approaches to humanoid balancing},
	YEAR = {2016},
	BOOKTITLE = {Humanoid Robotics: a Reference},
	EDITOR = {Goswami, Ambarish and Vadakkepat, Prahlad},
	PUBLISHER = {Springer Netherlands},
	PAGES = {},
	Note = {Accepted for publication}
}

@PHDTHESIS{padois-HDR2016,
	AUTHOR = {Padois, V.},
	TITLE = {Control and design of robots with tasks and constraints in mind},
	YEAR = {2016},
	Type = {Habilitation à Diriger des Recherches},
	ADDRESS = {Paris, France},
	SCHOOL = {Université Pierre et Marie Curie},
	MONTH = Oct,
	url ={http://hal.archives-ouvertes.fr/tel-01398868/en}
}

@TechReport{deliverable31,
author = {Del Prete, A. and Ibanez, A and Liu, M. and Lober, R. and  Nori, F. and Padois, V. and Pucci, D. and Perrin, N. and Romano, F. and Salini, J. and Traversaro, S},
title = {CoDyCo project, Deliverable 3.1: Local solver in rigid-world cases},
institution = {Sorbonne Universit\'es, UPMC Paris 06, UMR CNRS 7222 \& Italian Institute of Technology},
year = {2015},
month = feb
}

@TechReport{deliverable32,
author = {Azzad, M. and Liu, M. and Mistry, M. and Nori, F. and  Padois, V. and Pucci, D. and Romano, F. and Traversaro, S.},
title = {CoDyCo project, Deliverable 3.2: Local solver in compliant-world cases},
institution = {Sorbonne Universit\'es, UPMC Paris 06, UMR CNRS 7222},
year = {2016},
month = feb
}

@TechReport{deliverable42,
author = {Rueckert, E. and Paraschos, A. and Calandra, R. and Kroemer, O. and Ivaldi, S. and Peters, J. and Camernik, J. and Babic, J.},
title = {CoDyCo project, Deliverable 4.2: Learning of tasks with multiple contacts by imitation and reinforcement learning},
institution = {Technische Universit\"at Darmstadt \& Jozef Stefan Institute},
year = {2015},
month = feb
}

@TechReport{deliverable43,
author = {Lober, R. and Padois, V. and Sigaud, O. and Modugno, V. and Neumann, G. and Rueckert, E. and Oriolo, G. and Peters, J. and Ivaldi, S. and Paraschos, A.},
title = {CoDyCo project, Deliverable 4.3: Learning of the prioritization policies},
institution = {Technische Universit\"at Darmstadt \& Jozef Stefan Institute},
year = {2016},
month = feb
}



@TechReport{deliverable53,
author = {Pucci, D. and Romano, F. and  Eljaik, J. and Traversaro, S. and Ivaldi, S. and Padois, V. and Nori, F.},
title = {CoDyCo project, Deliverable 5.3: Validation scenario 3: balancing on compliant environmental contacts},
institution = {Italian Institute of Technology \& Sorbonne Universit\'es, UPMC Paris 06, UMR CNRS 7222},
year = {2016},
month = feb
}



@TechReport{deliverable54,
author = {Pucci, D. and Romano, F. and  Eljaik, J. and Traversaro, S. and Ivaldi, S. and Padois, V. and Nori, F.},
title = {CoDyCo project, Deliverable 5.3: Validation scenario 3: balancing on compliant environmental contacts},
institution = {Italian Institute of Technology \& Sorbonne Universit\'es, UPMC Paris 06, UMR CNRS 7222},
year = {2016},
month = feb
}
