
@article{GraspSurveyBohg,
  author = {Bohg, J. and Morales, A. and Asfour, T. and Kragic, D.},
  journal = {IEEE Transactions on Robotics},
  title = {Data-Driven Grasp Synthesis - A Survey},
  year = "accepted",
}

@book{gibson1979,
    author = {Gibson, James J.},
    day = {01},
    edition = {New edition},
    howpublished = {Paperback},
    isbn = {0898599598},
    keywords = {affordance, hci},
    month = {September},
    posted-at = {2006-02-20 10:09:03},
    priority = {0},
    publisher = {Lawrence Erlbaum Associates},
    title = {The Ecological Approach To Visual Perception},
    year = {1986}
}


@InProceedings{Rusu_ICRA2011_PCL,
  author    = {Radu Bogdan Rusu and Steve Cousins},
  title     = {{3D is here: Point Cloud Library (PCL)}},
  booktitle = {{IEEE International Conference on Robotics and Automation (ICRA)}},
  month     = {May 9-13},
  year      = {2011},
  address   = {Shanghai, China}
}

@inproceedings{bekiroglu2011d,
	Author = {Yasemin Bekiroglu and Renaud Detry and Danica Kragic},
	Booktitle = {{IEEE/RSJ} International Conference on Intelligent Robots and Systems},
	Doi = {10.1109/IROS.2011.6094878},
	Title = {Learning Tactile Characterizations Of Object- And Pose-specific Grasps},
	Year = {2011}}

@inproceedings{detry2012a,
	Author = {Renaud Detry and Carl Henrik Ek and Marianna Madry and Justus Piater and Danica Kragic},
	Booktitle = {{IEEE} International Conference on Robotics and Automation},
	Doi = {10.1109/ICRA.2012.6224992},
	Title = {Generalizing Grasps Across Partly Similar Objects},
	Year = {2012}}


@article{Herzog_AR_2013,
  author = {Herzog, A. and  Pastor, P. and  Kalakrishnan, M. and  Righetti, L. and  Bohg, J. and  Asfour, T. and  Schaal, S.},
  journal = {Autonomous Robots},
  title = {Learning of Grasp Selection based on Shape-Templates},
  year = 2013,
}

@inproceedings{Kroemer_ICRA_2012,
author = {Kroemer, O. and  Ugur, E. and  Oztop, E.  and  Peters,  J. },
year = {2012},
title = {A Kernel-based Approach to Direct Action Perception},
booktitle = {International Conference on Robotics and Automation (ICRA)}
}

@inproceedings{koppula2013_anticipatingactivities,
  title={Anticipating Human Activities using Object Affordances for Reactive Robotic Response},
  author={Hema Koppula and Ashutosh Saxena},
  year={2013},
  booktitle={RSS}
}


@article{JebaraProbabiltyProductKernels,
 author = {Jebara, Tony and Kondor, Risi and Howard, Andrew},
 title = {Probability Product Kernels},
 journal = {J. Mach. Learn. Res.},
 issue_date = {12/1/2004},
 volume = {5},
 month = dec,
 year = {2004},
 issn = {1532-4435},
 pages = {819--844},
 numpages = {26},
 url = {http://dl.acm.org/citation.cfm?id=1005332.1016786},
 acmid = {1016786},
 publisher = {JMLR.org},
} 


@INPROCEEDINGS{SimulatedAffordanceLearning, 
author={Sjoo, K. and Jensfelt, P.}, 
booktitle={Intelligent Robots and Systems (IROS)}, 
title={Learning spatial relations from functional simulation}, 
year={2011}, 
month={Sept}, 
pages={1513-1519}, 
}


@article{objectPlacementYun,
  author    = {Yun Jiang and
               Marcus Lim and
               Changxi Zheng and
               Ashutosh Saxena},
  title     = {Learning to place new objects in a scene},
  journal   = {I. J. Robotic Res.},
  volume    = {31},
  number    = {9},
  year      = {2012},
  pages     = {1021-1043}
}


@inproceedings{JebaraK03,
  author = {Jebara, Tony and Kondor, Risi},
  booktitle = {COLT},
  isbn = {3-540-40720-0},
  pages = {57-71},
  publisher = {Springer},
  series = {Lecture Notes in Computer Science},
  title = {Bhattacharyya Expected Likelihood Kernels.},
  volume = 2777,
  year = 2003
}

@article{ContactNetwork,
  added-at = {2011-12-23T00:00:00.000+0100},
  author = {Rosman, Benjamin and Ramamoorthy, Subramanian},
  journal = {I. J. Robotic Res.},
  number = 11,
  pages = {1328-1342},
  title = {Learning spatial relationships between objects.},
  volume = 30,
  year = 2011
}


@book{LearningWithKernels,   
    author = {Sch\"{o}lkopf, Bernhard and Smola, Alexander J.},
    edition = {1st},
    howpublished = {Hardcover},
    isbn = {0262194759},
    keywords = {kernel-method, learning-theory, machine-learning, pattern-recognition},
    month = dec,
    priority = {2},
    publisher = {The MIT Press},
    title = {{Learning with Kernels: Support Vector Machines, Regularization, Optimization, and Beyond}},
    year = {2001}
}

@article{ToAffordorNottoAfford,
    author = {Sahin, E. and Cakmak, M. and Dogar, M. R. and Ugur, E. and Ucoluk, G.},
    journal = {Adaptive Behavior},
    month = {December},
    number = {4},
    pages = {447--472},
    posted-at = {2008-03-19 15:34:35},
    priority = {2},
    title = {{To Afford or Not to Afford: A New Formalization of Affordances Toward Affordance-Based Robot Control}},
    volume = {15},
    year = {2007}
}

@inproceedings{KopickiZSMW11,
  author = {Kopicki, Marek Sewer and Zurek, Sebastian and Stolkin, Rustam and Morwald, Thomas and Wyatt, Jeremy L.},
  booktitle = {ICRA},
  pages = {5722-5729},
  publisher = {IEEE},
  title = {Learning to predict how rigid objects behave under simple manipulation.},
  year = 2011
}

@book{Bishop,
 author = {Bishop, Christopher M.},
 title = {Pattern Recognition and Machine Learning (Information Science and Statistics)},
 year = {2006},
 isbn = {0387310738},
 publisher = {Springer-Verlag New York, Inc.},
 address = {Secaucus, NJ, USA},
} 


@inproceedings{kulickSymbolLearning,
    title = {{Active Learning for Teaching a Robot Grounded Relational Symbols}},
    author = {Kulick, Johannes and Lang, Tobias and Toussaint, Marc and Lopes, Manuel},
    language = {Anglais},
    affiliation = {Machine Learning and Robotics , FLOWERS - INRIA Bordeaux - Sud-Ouest},
    booktitle = {{International Joint Conference on Artificial Intelligence}},
    address = {Beijing, China},
    audience = {internationale },
    year = {2013},
}

@INPROCEEDINGS{MontesanoBayesNetAffordance,
author={Montesano, L. and Lopes, M. and Bernardino, A. and Santos-Victor, J.},
booktitle={Intelligent Robots and Systems, 2007. IROS 2007. IEEE/RSJ International Conference on},
title={Modeling affordances using Bayesian networks},
year={2007},
month={Oct},
pages={4102-4107},
keywords={belief networks;humanoid robots;Bayesian networks linking actions;perceptual skills;robot motor;robotic systems;Bayesian methods;Cognitive robotics;Context modeling;Humanoid robots;Humans;Intelligent robots;Motion measurement;Object detection;Robot sensing systems;USA Councils},
doi={10.1109/IROS.2007.4399511},}

@inproceedings{DangWA11BlindTactileGrasping,
  added-at = {2011-08-17T00:00:00.000+0200},
  author = {Dang, Hao and Weisz, Jonathan and Allen, Peter K.},
  biburl = {http://www.bibsonomy.org/bibtex/2f48ccec46457ed792f534032a3367cbe/dblp},
  booktitle = {ICRA},
  ee = {http://dx.doi.org/10.1109/ICRA.2011.5979679},
  interhash = {6c27ba306b46a836cd037d0e8aef2f46},
  intrahash = {f48ccec46457ed792f534032a3367cbe},
  keywords = {dblp},
  pages = {5917-5922},
  publisher = {IEEE},
  timestamp = {2011-08-17T00:00:00.000+0200},
  title = {Blind grasping: Stable robotic grasping using tactile feedback and hand kinematics.},
  year = 2011
}

@inproceedings{DangA12Bag-of-features,
  added-at = {2012-07-19T00:00:00.000+0200},
  author = {Dang, Hao and Allen, Peter K.},
  biburl = {http://www.bibsonomy.org/bibtex/2a6ec97db99bde8c66fbe26299ba77aad/dblp},
  booktitle = {ICRA},
  ee = {http://dx.doi.org/10.1109/ICRA.2012.6224754},
  interhash = {819455d2ec2c801a6c44daadf7ad7110},
  intrahash = {a6ec97db99bde8c66fbe26299ba77aad},
  isbn = {978-1-4673-1403-9},
  keywords = {dblp},
  pages = {2392-2397},
  publisher = {IEEE},
  timestamp = {2012-07-19T00:00:00.000+0200},
  title = {Learning grasp stability.},
  year = 2012
}

@inproceedings{Zhaopeng,
  added-at = {2011-08-26T00:00:00.000+0200},
  author = {Chen, Zhaopeng and Lii, Neal Y. and Wimboeck, Thomas and Fan, Shaowei and Jin, Minghe and Borst, Christoph and Liu, Hong},
  booktitle = {IROS},
  pages = {5867-5874},
  publisher = {IEEE},
  title = {Experimental study on impedance control for the five-finger dexterous robot hand DLR-HIT II.},
  year = 2010
}



@article{Flanagan,
    author = {Johansson, Roland S. and Flanagan, Randall J.},
    day = {08},
    doi = {10.1038/nrn2621},
    issn = {1471-0048},
    journal = {Nature reviews. Neuroscience},
    month = apr,
    number = {5},
    pages = {345--359},
    pmid = {19352402},
    posted-at = {2009-05-19 14:38:00},
    priority = {2},
    publisher = {Nature Publishing Group},
    title = {{Coding and use of tactile signals from the fingertips in object manipulation tasks.}},
    url = {http://dx.doi.org/10.1038/nrn2621},
    volume = {10},
    year = {2009}
}

@inproceedings{BohgMindtheGap,
  author    = {J. Bohg and
               M. Johnson-Roberson and
               B. Le{\'o}n and
               J. Felip and
               X. Gratal and
               N. Bergstr{\"o}m and
               D. Kragic and
               A. Morales},
  title     = {Mind the gap - robotic grasping under incomplete observation},
  booktitle = {proceedings of International Conference on Robotics and Automation},
  year      = {2011},
  pages     = {686-693},
}

@article{Jenssen06,
    author = {Robert Jenssen and Jose C. Principe and Deniz Erdogmus and Torbjorn Eltoft},
    title = {The Cauchy-Schwarz Divergence and Parzen Windowing: Connections to Graph Theory and Mercer Kernels},
    pages = {614--629},
    number = {6},
    volume ={343},
    journal = {Journal of the Franklin Institute},
    year = {2006}
}


@inproceedings{Kroemer_Humanoids_2012,
  author = {Kroemer, O. and  Ben Amor, H. and  Ewerton, M. and  Peters, J.},
  year = {2012},
  title = {Point Cloud Completion Using Extrusions},
  booktitle = {Proceedings of the International Conference on Humanoid Robots  (HUMANOIDS)}
}

@inproceedings{Boularias2011,
  author =		 {Boularias, A. and  Kroemer, O. and  Peters, J.},
  year =		 {2011},
  title =		 {Learning Robot Grasping from 3D Images with Markov Random Fields},
  booktitle =		 {IEEE/RSJ International Conference on Intelligent Robot Systems (IROS)}
}

