@article{Babic2014,
author ={Babic, Jan and Petric, Tadej and Peternel, Luka and Sarabon, Nejc},
journal = {Gait \& Posture},
year = {2014},
volume = {submitted for publication},
title = {Effects of supportive hand contact on reactive postural control during support perturbations}
}

@article{Peternel2014,
author = {Peternel, L. and Petri\v{c}, T. and Oztop, E. and Babi\v{c}, J.},
title = {Teaching robots to cooperate with humans in dynamic manipulation tasks based on multi-modal human-in-the-loop approach},
journal = {Autonomous robots},
volume = {36},
number = {1-2},
pages = {123-136},
year = {2014},
month = {jan},
}

@INPROCEEDINGS{Peternel2015,
author={Peternel, Luka and Petri\v{c}, Tadej and Babi\v{c}, Jan},
booktitle={Robotics and Automation (ICRA), 2015 IEEE International Conference on},
title={Human-in-the-loop approach for teaching robot assembly tasks using
impedance control interface},
year={2015},
month={May},
pages={-},}

@article{Peternel2013,
author = {Peternel, Luka and Babi\v{c}, Jan},
title = {Learning of compliant human-robot interaction using full-body haptic interface},
journal = {Advanced Robotics},
volume = {27},
number = {13},
pages = {1003-1012},
year = {2013},
month = {Jun},
}

@article{Fitts1954,
author = {Fitts, P M},
journal = {Journal of experimental psychology},
mendeley-groups = {codyco\_y2},
number = {6},
pages = {381--391},
title = {{The information capacity of the human motor system in controlling the amplitude of movement}},
volume = {47},
year = {1954}
}

@article{Shadmehr2010,
author = {Shadmehr, Reza and {Orban de Xivry}, Jean Jacques and Xu-Wilson},
journal = {The Journal of neuroscience},
number = {31},
pages = {10507--10516},
title = {{Temporal discounting of reward and the cost of time in motor control.}},
volume = {30},
year = {2010},
}

@article{Schaal1998,
 author = {Schaal, S. and Atkeson, C. G.},
 title = {Constructive Incremental Learning from Only Local Information},
 journal = {Neural Comput.},
 volume = {10},
 number = {8},
 month = nov,
 year = {1998},
 pages = {2047--2084},
 publisher = {MIT Press},
 address = {Cambridge, MA, USA},
}

@INPROCEEDINGS{Ijspeert2002,
author={Auke Jan Ijspeort and Nakanishi, J. and Schaal, S.},
booktitle={Intelligent Robots and Systems (IROS), 2002 IEEE/RSJ International Conference on},
title={Learning rhythmic movements by demonstration using nonlinear oscillators},
year={2002},
month={Sept},
volume={1},
pages={958-963},}

@INPROCEEDINGS{Azad2014,
author={Azad, M. and Babic, J. and Mistry, M.N.},
booktitle={Humanoid Robots (Humanoids), 2014 14th IEEE-RAS International Conference on},
title={Effects of hand contact on the stability of a planar humanoid with a momentum based controller},
year={2014},
month={Nov},
pages={348-353},}
