@inproceedings{Fiorio2014,
	author = "Carlo Ciliberto and Luca Fiorio and Marco Maggiali and Lorenzo Natale and Lorenzo Rosasco and Giorgio Metta and Giulio Sandini and Francesco Nori",
	title = "Exploiting global force torque measurements for local compliance estimation in tactile arrays",
	booktitle = "Submitted to IEEE/RSJ International Conference on Intelligent Robots and Systems (IROS 2014)",
	year = 2014,
	address = "Chicago, Illinois"
}

@inproceedings{Traversaro2014,
	author = "Silvio Traversaro and Andrea Del Prete and Serena Ivaldi and Francesco Nori",
	title = "Avoiding to rely on Inertial Parameters in Estimating Joint Torques with proximal F/T sensing",
	booktitle = "Submitted to IEEE/RSJ International Conference on Intelligent Robots and Systems (IROS 2014)",
	year = 2014,
	address = "Chicago, Illinois"
}

@inproceedings{Traversaro2013,
	author = "Traversaro, Silvio and {Del Prete}, Andrea and Muradore, Riccardo and Natale, Lorenzo and Nori, Francesco",
	title = "{Inertial Parameter Identification Including Friction and Motor Dynamics}",
	booktitle = "Humanoid Robots, 13th IEEE-RAS International Conference on",
	year = 2013,
	address = "Atlanta, USA",
	month = "October",
	url = "http://www.humanoids2013.com/"
}

@misc{Mingo2014,
	Author = {Enrico Mingo Hoffman and Silvio Traversaro and Alessio Rocchi and Mirko Ferrati and Alessandro Settimi and Lorenzo  Natale and Antonio Bicchi and Francesco Nori and Nikos Tsagarakis},
	Date-Added = {2014-04-15 08:08:35 +0000},
	Date-Modified = {2014-04-15 08:10:29 +0000},
	Howpublished = {Modelling and Simulation for Autonomous Systems Workshop (MESAS 2014).},
	Month = {March},
	Title = {A {Y}{A}{R}{P} based plugin for Gazebo simulator},
	Year = {2014}
}

@inproceedings{Traversaro2015,
author="Traversaro, S.
and Del Prete, A.
and Ivaldi, S.
and Nori, F.",
title="Inertial parameters identification and joint torques estimation with proximal force/torque sensing",
year="2015",
address="Seattle, USA, May 26th - 30th, 2015",
booktitle="{I}{E}{E}{E} International Conference on Robotics and Automation (ICRA 2015)"
}

@inproceedings{Traversaro2015b,
author="Traversaro, S.
and Pucci, D. 
and Nori, F.",
title="In Situ Calibration of Six-Axis Force-Torque Sensors using Accelerometer Measurements",
year="2015",
address="Seattle, USA, May 26th - 30th, 2015",
booktitle="{I}{E}{E}{E} International Conference on Robotics and Automation (ICRA 2015)"
}

@inproceedings{Nori2015,
author="Nori, F.",
title="BERDY: Bayesian Estimation for Robot Dynamics",
year="2015",
booktitle="submitted"
}

@inproceedings{Nori2015b,
author="Nori, F. and Kuppuswamy, N. and Traversaro, S.",
title="Covariance estimation in Newton-Euler equations with redundant measurements: application to articulated rigid bodies.",
year="2015",
booktitle="submitted"
}


