@INPROCEEDINGS{Walker2010,
author={Walker, D.S. and Wilson, R.P. and Niemeyer, G.},
booktitle={Robotics and Automation (ICRA), 2010 IEEE International Conference on},
title={User-controlled variable impedance teleoperation},
year={2010},
month={May},
pages={5352-5357},}

@INPROCEEDINGS{Walker2011,
author={Walker, D.S. and Salisbury, J.K. and Niemeyer, G.},
booktitle={Robotics and Automation (ICRA), 2011 IEEE International Conference on},
title={Demonstrating the benefits of variable impedance to telerobotic task execution},
year={2011},
month={May},
pages={1348-1353},}

@article{Ajoudani2012,
  author    = {Ajoudani, A.  and Tsagarakis, N. G. and Bicchi, A.},
  title     = {Tele-impedance: Teleoperation with impedance regulation using a body-machine interface},
  journal   = {I. J. Robotic Res.},
  volume    = {31},
  number    = {13},
  year      = {2012},
  pages     = {1642-1656},
}

@article{Peternel2014,
author = {Peternel, L. and Petri\v{c}, T. and Oztop, E. and Babi\v{c}, J.},
title = {Teaching robots to cooperate with humans in dynamic manipulation tasks based on multi-modal human-in-the-loop approach},
journal = {Autonomous robots},
volume = {36},
number = {1-2},
pages = {123-136},
year = {2014},
month = {Jan},
}

@INPROCEEDINGS{Peternel2015,
author={Peternel, Luka and Petri\v{c}, Tadej and Babi\v{c}, Jan},
booktitle={Robotics and Automation (ICRA), 2015 IEEE International Conference on},
title={Human-in-the-loop approach for teaching robot assembly tasks using
impedance control interface},
year={2015},
month={May},
pages={1497--1502},}

@article{Peternel2016,
    author = {Peternel, Luka and Noda, Tomoyuki and Petri\v{c}, Tadej and Ude, Aleš and Morimoto, Jun and Babi\v{c}, Jan},
    journal = {PLoS ONE},
    title = {Adaptive Control of Exoskeleton Robots for Periodic Assistive Behaviours Based on {EMG} Feedback Minimisation},
    year = {2016},
    month = {Feb},
    volume = {11},
    pages = {e0148942},
    number = {2},
}     

@article{Babic2011,
 author = {Babi\v{c}, J. and Hale, J. G. and Oztop, E.},
 title = {Human sensorimotor learning for humanoid robot skill synthesis},
 journal = {Adaptive Behavior - Animals, Animats, Software Agents, Robots, Adaptive Systems},
 volume = {19},
 issue = {4},
 year = {2011},
 pages = {250--263},
 publisher = {Sage Publications, Inc.},
 address = {Thousand Oaks, CA, USA},
 keywords = {Sensorimotor learning, balanced reaching, humanoid robot, posture control},
}

@article{Emge2013,
title = "Effects of muscle fatigue on grip and load force coordination and performance of manipulation tasks ",
journal = "Neuroscience Letters ",
volume = "550",
number = "0",
pages = "46 - 50",
year = "2013",
note = "",
author = "Nicholas Emge and Goran Prebeg and Mehmet Uygur and Slobodan Jaric",
}

@article {Todd2010,
author = {Todd, Gabrielle and Gandevia, Simon C. and Taylor, Janet L.},
title = {Change in manipulation with muscle fatigue},
journal = {European Journal of Neuroscience},
volume = {32},
number = {10},
publisher = {Blackwell Publishing Ltd},
pages = {1686--1694},
year = {2010},
}



%arm----------------------------------------------------------------------------

@ARTICLE{Hogan1984,
author={Hogan, N.},
journal={Automatic Control, IEEE Transactions on},
title={Adaptive control of mechanical impedance by coactivation of antagonist muscles},
year={1984},
month={Aug},
volume={29},
number={8},
pages={681-690},}

@article{Burdet2001,
    author = {Burdet, Etienne and Osu, Rieko and Franklin, David W. and Milner, Theodore E. and Kawato, Mitsuo},
    journal = {Nature},
    month = nov,
    number = {6862},
    pages = {446-449},
    publisher = {Macmillian Magazines Ltd.},
    title = {{The central nervous system stabilizes unstable dynamics by learning optimal impedance}},
    volume = {414},
    year = {2001}
}

@article{Osu1999,
 author = {Osu, R. and Gomi, H.},
 title = {Multijoint muscle regulation mechanism examined by measured human arm stiffness and EMG signals},
 journal = {Journal of Neurophysiology},
 volume = {81},
 number = {},
 month = nov,
 year = {1999},
 pages = {1458-1468},
 publisher = {},
 address = {},
}

@article{Franklin2003a,
year={2003},
journal={Experimental Brain Research},
volume={151},
number={2},
title={Functional significance of stiffness in adaptation of multijoint arm movements to stable and unstable dynamics},
publisher={Springer-Verlag},
author={Franklin, David W. and Burdet, Etienne and Osu, Rieko and Kawato, Mitsuo and Milner, TheodoreE.},
pages={145-157},
}

@article{Franklin2003b,
 author = {Franklin, D. W. and Osu, R. and Burdet, E. and Kawato, M. and Milner, T. E.},
 title = {Adaptation to stable and unstable dynamics achieved by combined impedance control and inverse dynamics model},
 journal = {Journal of Neurophysiology},
 volume = {90},
 number = {},
 month = nov,
 year = {2003},
 pages = {3270-3282},
 publisher = {},
 address = {},
}

@INPROCEEDINGS{Evrard2009,
author={Evrard, P. and Gribovskaya, E. and Calinon, S. and Billard, A. and Kheddar, A.},
booktitle={IEEE-RAS International Conference on Humanoid Robots}, title={Teaching physical collaborative tasks: object-lifting case study with a humanoid},
year={2009},
volume={},
number={},
pages={399-404},
ISSN={},}

@article{Kormushev2011,
    address = {Tokyo, Japan},
    author = {Kormushev, P. and Calinon, S. and Caldwell, D. G.},
    citeulike-article-id = {10516393},
    journal = {Advanced Robotics},
    number = {5},
    pages = {581-603},
    publisher = {The Robotics Society of Japan},
    title = {{Imitation Learning of Positional and Force Skills Demonstrated via Kinesthetic Teaching and Haptic Input}},
    volume = {25},
    year = {2011}
}

@Article{Lee2011,
author="Lee, Dongheui
and Ott, Christian",
title="Incremental kinesthetic teaching of motion primitives using the motion refinement tube",
journal="Autonomous Robots",
year="2011",
volume="31",
number="2",
pages="115--131",
}

@INPROCEEDINGS{Kronander2012,
author={Kronander, K. and Billard, A.},
booktitle={Robotics and Automation (ICRA), 2012 IEEE International Conference on},
title={Online learning of varying stiffness through physical human-robot interaction},
year={2012},
month={May},
pages={1842-1849},}

@ARTICLE{Peshkin1990,
author={Peshkin, M.A.},
journal={Robotics and Automation, IEEE Transactions on},
title={Programmed compliance for error corrective assembly},
year={1990},
month={Aug},
volume={6},
number={4},
pages={473-482},}

@INPROCEEDINGS{Tsumugiwa2002,
author={Tsumugiwa, T. and Yokogawa, R. and Hara, K.},
booktitle={Intelligent Robots and Systems (IROS), 2002 IEEE/RSJ International Conference on},
title={Variable impedance control with virtual stiffness for human-robot cooperative peg-in-hole task},
year={2002},
volume={2},
number={},
pages={1075-1081},}

@article{Albu-Schaffer2007,
    author = {Albu-Sch\"{a}ffer, A. and Haddadin, S. and Ott, Ch and Stemmer, A. and Wimb\"{o}ck, T. and Hirzinger, G.},
    journal = {Industrial Robot: An International Journal},
    number = {5},
    pages = {376--385},
    publisher = {Emerald Group Publishing Limited},
    title = {{The DLR lightweight robot: design and control concepts for robots in human environments}},
    volume = {34},
    year = {2007}
}

@INPROCEEDINGS{Wolf2008,
author={Wolf, S. and Hirzinger, G.},
booktitle={Robotics and Automation (ICRA), 2008 IEEE International Conference on},
title={A new variable stiffness design: Matching requirements of the next robot generation},
year={2008},
month={May},
pages={1741-1746},}

@INPROCEEDINGS{Garabini2011,
author={Garabini, M. and Passaglia, A. and Belo, Felipe and Salaris, P. and Bicchi, A.},
booktitle={Intelligent Robots and Systems (IROS), 2011 IEEE/RSJ International Conference on},
title={Optimality principles in variable stiffness control: The VSA hammer},
year={2011},
month={Sept},
pages={3770-3775},}



@article{Scholz1999,
  address = {Physical Therapy Department, McKinly Laboratory, University of Delaware,
	Newark 19716, USA. jpscholz@udel.edu},
  author = {Scholz, J. P. and Sch{\"o}ner, G.},
  journal = {Exp Brain Res},
  month = {June},
  number = 3,
  pages = {289--306},
  title = {The uncontrolled manifold concept: identifying control variables
	for a functional task.},
  volume = 126,
  year = 1999
}

@article{Scholz2000,
  author = {Scholz, J. P. and Sch{\"o}ner, G. and Latash, M. L.},
  journal = {Exp Brain Res},
  month = {October},
  number = 3,
  pages = {382-404},
  title = {Identifying the control structure of multijoint coordination
during pistol shooting.},
  volume = 126,
  year = 2000
}

@article{Hogan1985,
    author = {Hogan, N.},
    journal = {ASME Transactions Journal of Dynamic Systems and Measurement Control B},
    month = mar,
    pages = {1--24},
    title = {{Impedance control - An approach to manipulation. I - Theory. II - Implementation. III - Applications}},
    volume = {107},
    year = {1985}
}

@INPROCEEDINGS{Tonietti2005,
author={Tonietti, G. and Schiavi, R. and Bicchi, A.},
booktitle={Robotics and Automation (ICRA), 2005 IEEE International Conference on},
title={Design and Control of a Variable Stiffness Actuator for Safe and Fast Physical Human/Robot Interaction},
year={2005},
month={April},
pages={526-531},}

@article{Vanderborght2013,
title = "Variable impedance actuators: A review ",
journal = "Robotics and Autonomous Systems ",
volume = "61",
number = "12",
pages = "1601 - 1614",
year = "2013",
note = "",
author = "B. Vanderborght and A. Albu-Schaeffer and A. Bicchi and E. Burdet and D.G. Caldwell and R. Carloni and M. Catalano and O. Eiberger and W. Friedl and G. Ganesh and M. Garabini and M. Grebenstein and G. Grioli and S. Haddadin and H. Hoppner and A. Jafari and M. Laffranchi and D. Lefeber and F. Petit and S. Stramigioli and N. Tsagarakis and M. Van Damme and R. Van Ham and L.C. Visser and S. Wolf",
}


@incollection{Paraschos2013,
title = {Probabilistic Movement Primitives},
author = {Paraschos, Alexandros and Daniel, Christian and Peters, January and Neumann, Gerhard},
booktitle = {Advances in Neural Information Processing Systems 26},
editor = {C.J.C. Burges and L. Bottou and M. Welling and Z. Ghahramani and K.Q. Weinberger},
pages = {2616--2624},
year = {2013},
publisher = {Curran Associates, Inc.},
}


@inproceedings{Calinon2014,
  address = {Hong Kong, China},
  author = {Calinon, S. and Bruno, D. and Caldwell, D. G.},
  booktitle = {Robotics and Automation (ICRA), 2014 IEEE International Conference on},
  month = {May-June},
  title = {A task-parameterized probabilistic model with minimal intervention control},
  year = {2014},
}

@INPROCEEDINGS{Calinon2010,
author={Calinon, S. and Sardellitti, I and Caldwell, D.G.},
booktitle={Intelligent Robots and Systems (IROS), 2010 IEEE/RSJ International Conference on},
title={Learning-based control strategy for safe human-robot interaction exploiting task and robot redundancies},
year={2010},
month={Oct},
pages={249-254},}

@MISC{Kronander2014,
  author       = {Kronander, K. and Burdet, E. and Billard, A.},
  title        = {Task Transfer via Collaborative Manipulation for Insertion Assembly},
  howpublished = {Workshop on Human-Robot Interaction for Industrial Manufacturing, Robotics, Science and Systems },
  year         = {2014},
}


@article{Kawato1999,
title = "Internal models for motor control and trajectory planning",
journal = "Current Opinion in Neurobiology",
volume = "9",
number = "6",
pages = "718 - 727",
year = "1999",
note = "",
author = "Mitsuo Kawato"
}

@article{Imamizu2000,
  title={Human cerebellar activity reflecting an acquired internal model of a new tool},
  author={Imamizu, Hiroshi and Miyauchi, Satoru and Tamada, Tomoe and Sasaki, Yuka and Takino, Ryousuke and Pu{\`E}tz, Benno and Yoshioka, Toshinori and Kawato, Mitsuo},
  journal={Nature},
  volume={403},
  number={6766},
  pages={192--195},
  year={2000},
  publisher={Nature Publishing Group}
}


% DELAY
@inproceedings{Hannaford1988,
  address = {Philadelphia, USA},
  author = {Hannaford, B., and Anderson, R.},
  booktitle = {Robotics and Automation (ICRA), 1988 IEEE International Conference on},
  title = {Experimental and simulation studies of hard contact in force reflecting teleoperation},
  pages = {584 -- 589},
  year = {1988},
}

@article{Fite2001,
title = "Transparency and Stability Robustness in Two-Channel Bilateral Telemanipulation",
journal = "Journal of Dynamic Systems, Measurement, and Control",
volume = "123",
number = "8",
pages = "400 - 407",
year = "2001",
month = "September",
author = "Fite, Kevin B. and Speich, John E. and Goldfarb, Michael"
}

@article{Daniel1998,
title = "Fundamental Limits of Performance for Force Reflecting Teleoperation",
journal = "The International Journal of Robotics Research",
volume = "17",
number = "8",
pages = "811 - 830",
year = "1998",
month = "August",
author = "Daniel, R.W. and McAree, P.R."
}

@article{Kuchenbecker2006,
title = "Induced Master Motion in Force-Reflecting Teleoperation",
journal = "Journal of Dynamic Systems, Measurement, and Controlh",
volume = "128",
number = "4",
pages = "800 - 810",
year = "2006",
month = "April",
author = "Kuchenbecker, Katherine J. and Niemeyer, Günter"
}

@ARTICLE{Kim1992,
author={Kim, W.S. and Hannaford, B. and Fejczy, A.K.},
journal={Robotics and Automation, IEEE Transactions on},
title={Force-reflection and shared compliant control in operating telemanipulators with time delay},
year={1992},
month={Apr},
volume={8},
number={2},
pages={176-185},}



% DEMONSTATION-----------------------------------------------------------------


@article{Schaal1999,
  address = {Department of Computer Science and Neuroscience, HNB-103, University
	of Southern California, Los Angeles, CA 90089-2520, USA.},
  author = {Schaal, S.},
  journal = {Trends Cogn Sci},
  number = 6,
  pages = {233-242},
  title = {Is imitation learning the route to humanoid robots?},
  volume = 3,
  year = 1999
}


@incollection{Billard2008,
  author = {Billard, A. and Calinon, S. and Dillmann, R. and Schaal, S.},
  booktitle = {Springer Handbook of Robotics},
  editor = {Siciliano, Bruno and Khatib, Oussama},
  pages = {1371-1394},
  publisher = {Springer-Verlag Berlin Heidelberg},
  title = {Robot Programming by Demonstration.},
  year = 2008
}


@article{Schaal2003,
  added-at = {2008-09-16T23:39:07.000+0200},
  address = {Computer Science \& Neuroscience, University of Southern California,
	3641 Watt Way, Los Angeles 90089-2520, USA. sschaal@usc.edu},
  author = {Schaal, S. and Ijspeert, A. and Billard, A.},
  journal = {Philos Trans R Soc Lond B Biol Sci},
  number = 1431,
  pages = {537--547},
  title = {Computational approaches to motor learning by imitation.},
  volume = 358,
  year = 2003
}


@article{Atkeson2000,
  added-at = {2002-01-03T00:00:00.000+0100},
  author = {Atkeson, C. G. and Hale, J. G. and Pollick, F. and Riley, M. and Kotosaka, S. and Schaal, S. and Shibata, T. and Tevatia, G. and Ude, A. and Vijayakumar, S. and Kawato, M.},
  journal = {IEEE Intelligent Systems},
  number = 4,
  pages = {46-56},
  title = {Using Humanoid Robots to Study Human Behavior.},
  volume = 15,
  year = 2000
}


@article{Argall2009,
  author = {Argall, B. D. and Chernova, S. and Veloso, M. and Browning, B.},
  journal = {Robotics and Autonomous Systems},
  number = 5,
  pages = {469-483},
  title = {A survey of robot learning from demonstration.},
  volume = 57,
  year = 2009
}

@article{Forte2012,
 author = {Forte, D. and Gams, A. and Morimoto, J. and Ude, A.},
 title = {On-line motion synthesis and adaptation using a trajectory database},
 journal = {Robot. Auton. Syst.},
 volume = {60},
 number = {10},
 month = oct,
 year = {2012},
 pages = {1327-1339},
 publisher = {North-Holland Publishing Co.},
 address = {Amsterdam, The Netherlands, The Netherlands},
}

@ARTICLE{Ude2010,
author={Ude, A. and Gams, A. and Asfour, T. and Morimoto, Jun},
journal={Robotics, IEEE Transactions on},
title={Task-Specific Generalization of Discrete and Periodic Dynamic Movement Primitives},
year={2010},
month={Oct},
volume={26},
number={5},
pages={800-815},}


% General Machine Learning -----------------------------------------------------

@article{Kober2012,
    author = {Kober, J. and Wilhelm, A. and Oztop, E. and Peters, J.},
    booktitle = {Autonomous Robots},
    journal = {Autonomous Robots},
    month = apr,
    number = {4},
    pages = {361-379},
    publisher = {Springer US},
    title = {{Reinforcement learning to adjust parametrized motor primitives to new situations}},
    volume = {33},
    year = {2012}
}

@article{Peters2008,
  author = {Peters, J. and Schaal, S.},
  journal = {Neural Networks},
  number = {4},
  pages = {682-697},
  title = {Reinforcement learning of motor skills with policy gradients.},
  volume = {21},
  year = {2008},
}

@article{Kushida2001,
    author = {Kushida, D. and Nakamura, M. and Goto, S. and Kyura, N.},
    booktitle = {Artificial Life and Robotics},
    journal = {Artificial Life and Robotics},
    month = apr,
    number = {1},
    pages = {26-32},
    publisher = {},
    title = {{Human direct teaching of industrial articulated robot arms based on force-free control}},
    volume = {5},
    year = {2001}
}

@article{Rasmussen2006,
title={Gaussian Processes for Machine Learning},
volume={14},
number={2},
journal={International Journal of Neural Systems},
publisher={MIT Press},
author={Rasmussen, C. E. and Williams, C. K. I.},
year={2006},
pages={69-106}}

@book{Haykin1999,
    author    = "Haykin, S.",
    title     = "Neural networks: a comprehensive foundation",
    publisher = "Prentice Hall, New Jersey",
    year      = "1999"
}

@INPROCEEDINGS{Nguyen2009,
author={Duy Nguyen-Tuong and Peters, J.},
booktitle={Intelligent Robots and Systems (IROS), 2008 IEEE/RSJ International Conference on},
title={Local Gaussian process regression for real-time model-based robot control},
year={2008},
pages={380-385},
month={Sept},}

@article{Nguyen2011,
title={Model learning for robot control: a survey.},
volume={12},
number={4},
journal={Cognitive Science},
publisher={Springer},
author={Nguyen-Tuong, D. and Peters, J.},
year={2011},
pages={319--40}}


% LWR---------------------------------------------------------------------------

@article{Schaal1998,
 author = {Schaal, S. and Atkeson, C. G.},
 title = {Constructive Incremental Learning from Only Local Information},
 journal = {Neural Comput.},
 volume = {10},
 number = {8},
 month = nov,
 year = {1998},
 pages = {2047--2084},
 publisher = {MIT Press},
 address = {Cambridge, MA, USA},
}

@inproceedings{Vijayakumar2000,
  author =		 "Vijayakumar, S. and Schaal, S.",
  year =		 "2000",
  title =		 "Locally weighted projection regression: An  O(n) algorithm for incremental real time learning in high dimensional spaces",
  booktitle =		 "Proceedings of the Seventeenth International Conference on Machine Learning (ICML 2000)",
  pages =		 "288-293",
}

@article{Vijayakumar2005,
 author = {Vijayakumar, Sethu and D'souza, Aaron and Schaal, Stefan},
 title = {Incremental Online Learning in High Dimensions},
 journal = {Neural Comput.},
 volume = {17},
 number = {12},
 month = dec,
 year = {2005},
 pages = {2602--2634},
 publisher = {MIT Press},
 address = {Cambridge, MA, USA},
} 

@article{Klanke2008,
 author = {Klanke, Stefan and Vijayakumar, Sethu and Schaal, Stefan},
 title = {A Library for Locally Weighted Projection Regression},
 journal = {J. Mach. Learn. Res.},
 volume = {9},
 month = jun,
 year = {2008},
 pages = {623--626},
 publisher = {JMLR.org},
} 

@misc{LWPR,
  title = {Software: {LWPR}},
  howpublished = {\url{http://wcms.inf.ed.ac.uk/ipab/slmc/research/software-lwpr}},
}

@misc{LWPR2,
author = {Vijayakumar, Sethu},
  title = {Locally Weighted Projection Regression ({LWPR}) - a users
manual},
journal = {Dept. of Computer Science and Neuroscience, University of Southern
California, Los Angeles, USA},
 year = {2001},
}

% Oscl--------------------------------------------------------------------------

@article{Gams2009,
 author = {Gams, A. and Ijspeert, A. J. and Schaal, S. and Lenar\v{c}i\v{c}, J.},
 title = {On-line learning and modulation of periodic movements with nonlinear dynamical systems},
 journal = {Auton. Robots},
 volume = {27},
 number = {1},
 month = jul,
 year = {2009},
 pages = {3-23},
 publisher = {Kluwer Academic Publishers},
 address = {Hingham, MA, USA},
}


@article{Petric2011,
 author = {Petri\v{c}, T. and Gams, A. and Ijspeert, A. J. and \v{Z}lajpah, L.},
 title = {On-line frequency adaptation and movement imitation for rhythmic robotic tasks},
 journal = {Int. J. Rob. Res.},
 volume = {30},
 number = {14},
 month = dec,
 year = {2011},
 pages = {1775-1788},
 publisher = {Sage Publications, Inc.},
 address = {Thousand Oaks, CA, USA},
}


@incollection {Gams2012,
BOOKTITLE = {The future of humanoid robots - research and
applications},
TITLE = {Performing periodic tasks : on-line learning, adaptation and
synchronization with external signals},
AUTHOR = {Gams, A. and Petric, T. and Ude, A. and Zlajpah, L.},
EDITOR = {Zaier, R.},
PAGES = {1-28},
YEAR = {2012},
PUBLISHER = {InTech},
}


%DMP
@article{Ijspeert2002,
title={Movement imitation with nonlinear dynamical systems in humanoid robots},
volume={2},
journal={Robotics and Automation (ICRA), 2002 IEEE International Conference on},
publisher={IEEE},
author={Ijspeert, A. J. and Nakanishi, J. and Schaal, S.},
year={2002},
pages={1398-1403},
}


% MISC--------------------------------------------------------------------------



@INPROCEEDINGS{Edsinger2007,
author={Edsinger, A. and Kemp, C. C.},
booktitle={Robot and Human interactive Communication (2007), The 16th IEEE International Symposium on},
title={Human-Robot Interaction for Cooperative Manipulation: Handing Objects to One Another},
year={2007},
month={aug.},
pages={1167-1172},}


@incollection{Lallee2010,
  title = {Human-Robot Cooperation Based on Interaction Learning},
  author = {Lallee, S. and Yoshida, E. and Mallet, A. and Nori, F. and Natale, L. and Metta, G. and Warneken, F. and Dominey, P. F.},
  year = {2010},
  pages = {491-536},
  booktitle = {From Motor Learning to Interaction Learning in Robots},
  editor = {Olivier Sigaud and Jan Peters},
  volume = {264},
  series = {Studies in Computational Intelligence},
  publisher = {Springer},
}


% SENSORIMOTOR-----------------------------------------------------------------

@INPROCEEDINGS{Oztop2006,
author={Oztop, E. and Li-Heng Lin and Kawato, M. and Cheng, G.},
booktitle={Humanoid Robots, 2006 6th IEEE-RAS International Conference on}, title={Dexterous Skills Transfer by Extending Human Body Schema to a Robotic Hand},
year={2006},
volume={},
number={},
pages={82-87},}


@article{Babic2011,
 author = {Babi\v{c}, J. and Hale, J. G. and Oztop, E.},
 title = {Human sensorimotor learning for humanoid robot skill synthesis},
 journal = {Adaptive Behavior - Animals, Animats, Software Agents, Robots, Adaptive Systems},
 volume = {19},
 issue = {4},
 year = {2011},
 pages = {250--263},
 publisher = {Sage Publications, Inc.},
 address = {Thousand Oaks, CA, USA},
 keywords = {Sensorimotor learning, balanced reaching, humanoid robot, posture control},
}

@article{Peternel2013a,
author = {Peternel, Luka and Babi\v{c}, Jan},
title = {Learning of compliant human-robot interaction using full-body haptic interface},
journal = {Advanced Robotics},
volume = {27},
number = {13},
pages = {1003-1012},
year = {2013},
month = {Jun},
}

@INPROCEEDINGS{Peternel2013b,
author={Peternel, L. and Babi\v{c}, J.},
booktitle={Robotics and Automation (ICRA), 2015 IEEE International Conference on}, title={Humanoid Robot Posture-Control Learning in Real-Time Based on
Human Sensorimotor Learning Ability},
year={2013},
volume={},
number={},
pages={5309--5314},}

@INPROCEEDINGS{Zamani2015,
author={Zamani, M.A. and Oztop, E.},
booktitle={Advanced Robotics (ICAR), 2015 International Conference on},
title={Simultaneous human-robot adaptation for effective skill transfer},
year={2015},
pages={78-84},
month={July},}


@article{Wolpert2011,
    author = {Wolpert, Daniel M. and Diedrichsen, J\~{A}{\P}rn and Flanagan, J. Randall},
    journal = {Nat Rev Neurosci},
    month = dec,
    number = {12},
    pages = {739-751},
    publisher = {Nature Publishing Group, a division of Macmillan Publishers Limited. All Rights Reserved.},
    title = {{Principles of sensorimotor learning}},
    volume = {12},
    year = {2011}
}



%TELEROBOTICS and Manipulation--------------------------------------------------

@incollection{Niemeyer2008,
    author = {Niemeyer, G. and Preusche, C. and Hirzinger, G.},
    booktitle = {Springer Handbook of Robotics},
	 editor = {Siciliano, Bruno and Khatib, Oussama},
    publisher = {Springer-Verlag Berlin Heidelberg},
    title = {{Telerobotics}},
	 pages = {741-757},
    year = {2008}
}


@INPROCEEDINGS{Adorno2011,
author={Adorno, B. V. and Bo, A. P. L. and Fraisse, P. and Poignet, P.},
booktitle={Robotics and Automation (ICRA), 2011 IEEE International Conference on}, title={Towards a cooperative framework for interactive manipulation involving a human and a humanoid},
year={2011},
month={may},
volume={},
number={},
pages={3777-3783},}


@inproceedings{Kremer2009,
 author = {Kremer, P. and Wimb\"{o}ck, T. and Artigas, J. and Sch\"{a}tzle, S. and J\"{o}hl, K. and Schmidt, F. and Preusche, C. and Hirzinger, G.},
 title = {Multimodal telepresent control of DLR's rollin' JUSTIN},
 booktitle = {Robotics and Automation (ICRA), 2009 IEEE International Conference on},
 year = {2009},
 isbn = {978-1-4244-2788-8},
 location = {Kobe, Japan},
 pages = {3096-3097},
 publisher = {IEEE Press},
 address = {Piscataway, NJ, USA},
} 



%HRI----------------------------------------------------------------------------


@ARTICLE{Ikemoto2012,
author={Ikemoto, S. and Ben Amor, H. and Minato, T. and Jung, B. and Ishiguro, H.},
journal={Robotics Automation Magazine, IEEE},
title={Physical Human-Robot Interaction: Mutual Learning and Adaptation},
year={2012},
month={dec},
volume={19},
number={4},
pages={24 -35},}


@article{Santis2008,
    author = {De Santis, A. and Siciliano, B. and De Luca, A. and Bicchi, A.},
    journal = {Mechanism and Machine Theory},
    number = {3},
    pages = {253--270},
    title = {{An atlas of physical human-robot interaction}},
    volume = {43},
    year = {2008},
}



@article{Argall2010,
 author = {Argall, B. D. and Billard, A.},
 title = {A survey of Tactile Human-Robot Interactions},
 journal = {Robot. Auton. Syst.},
 volume = {58},
 number = {10},
 year = {2010},
 pages = {1159-1176},
 publisher = {North-Holland Publishing Co.},
 address = {Amsterdam, The Netherlands, The Netherlands},
} 


@INPROCEEDINGS{Muelling2012,
	author = {Muelling, K. and Kober, J. and Kroemer, O. and Peters, J.},
	title = {Learning to Select and Generalize Striking Movements in Robot Table Tennis},
	booktitle = {AAAI Fall Symposium Series},
	year = {2012},
}

@inproceedings{Amor2009,
 author = {Ben Amor, H. and Berger, E. and Vogt, D. and Jung, B.},
 title = {Kinesthetic bootstrapping: teaching motor skills to humanoid robots through physical interaction},
 booktitle = {Proceedings of the 32nd annual German conference on Advances in artificial intelligence},
 year = {2009},
 pages = {492--499},
}

@ARTICLE{Hersch2008,
author={Hersch, M. and Guenter, F. and Calinon, S. and Billard, A.},
journal={Robotics, IEEE Transactions on},
title={Dynamical System Modulation for Robot Learning via Kinesthetic Demonstrations},
year={2008},
volume={24},
number={6},
pages={1463-1467},}

%Grasping-----------------------------------------------------------------------

@article{Dollar2010,
 author = {Dollar, A. M. and Jentoft, L. P. and Gao, J. H. and Howe, R. D.},
 title = {Contact sensing and grasping performance of compliant hands},
 journal = {Auton. Robots},
 volume = {28},
 number = {1},
 year = {2010},
 pages = {65-75},
 publisher = {Kluwer Academic Publishers},
 address = {Hingham, MA, USA},
} 


@article{Kroemer2010,
 author = {Kroemer, O. B. and Detry, R. and Piater, J. and Peters, J.},
 title = {Combining active learning and reactive control for robot grasping},
 journal = {Robot. Auton. Syst.},
 volume = {58},
 number = {9},
 month = sep,
 year = {2010},
 pages = {1105-1116},
 publisher = {North-Holland Publishing Co.},
 address = {Amsterdam, The Netherlands, The Netherlands},
} 


@article{Sauser2012,
 author = {Sauser, E. L. and Argall, B. D. and Metta, G. and Billard, A. G.},
 title = {Iterative learning of grasp adaptation through human corrections},
 journal = {Robot. Auton. Syst.},
 volume = {60},
 number = {1},
 month = jan,
 year = {2012},
 pages = {55--71},
 publisher = {North-Holland Publishing Co.},
 address = {Amsterdam, The Netherlands, The Netherlands},
}


@article{Moore2012,
 author = {Moore, B. and Oztop, E.},
 title = {Robotic grasping and manipulation through human visuomotor learning},
 journal = {Robot. Auton. Syst.},
 volume = {60},
 number = {3},
 month = mar,
 year = {2012},
 pages = {441--451},
 publisher = {North-Holland Publishing Co.},
 address = {Amsterdam, The Netherlands, The Netherlands},
}

@INPROCEEDINGS{Darpa2012,
	author = {Ben Amor, H. and Saxena, A. and Kroemer, O. and Peters, J.},
	title = {Workshop: Beyond Robot Grasping - Modern Approaches for Learning Dynamic Manipulation},
	booktitle = {Intelligent Robots and Systems (IROS), 2012 IEEE/RSJ International Conference on},
	year = {2012},
}



@article{Selen2005,
 author = {Selen, L. P. J. and Beek, P. J. and van Die\"{e}bn, J. H.},
 title = {Can co-activation reduce kinematic variability? A simulation study},
 journal = {Biol. Cybern.},
 volume = {93},
 number = {5},
 month = nov,
 year = {2005},
 pages = {373-381},
 publisher = {Springer-Verlag New York, Inc.},
 address = {Secaucus, NJ, USA},
}


%task priority
@article{Maciejewski1985,  
    author = {Maciejewski, Anthony A. and Klein, Charles A.},
    journal = {The International Journal of Robotics Research},
    month = Sep,
    number = {3},
    pages = {109-117},
    title = {{Obstacle Avoidance for Kinematically Redundant Manipulators in Dynamically Varying Environments}},
    volume = {4},
    year = {1985}
}

@article{Chiaverini1997,
    author = {Chiaverini, S.},
    journal = {{IEEE} Transactions on Robotics and Automation},
    month = jul,
    pages = {399--410},
    publisher = {IEEE},
    title = {{Singularity-Robust Task-Priority Redundancy Resolution for Real-time Kinematic Control of Robot Manipulators}},
    year = {1997}
}






























%Exoskeleton
@ARTICLE{Rosen2001,
author={Rosen, J. and Brand, M. and Fuchs, M. B. and Arcan, M.},
journal={Systems, Man and Cybernetics, Part A: Systems and Humans, IEEE Transactions on},
title={A myosignal-based powered exoskeleton system},
year={2001},
volume={31},
number={3},
pages={210-222},}

@INPROCEEDINGS{Pratt2004,
author={Pratt, J. E. and Krupp, B. T. and Morse, C. J. and Collins, S. H.},
booktitle={Robotics and Automation (ICRA), 2004 IEEE International Conference on},
title={The RoboKnee: an exoskeleton for enhancing strength and endurance during walking},
year={2004},
volume={3},
pages={2430-2435 Vol.3},}

@article{Ferris2006,
    author = {Ferris, Daniel P. and Gordon, Keith E. and Sawicki, Gregory S. and Peethambaran, Ammanath},
    journal = {Gait \& posture},
    month = jun,
    number = {4},
    pages = {425--428},
    title = {{An improved powered ankle-foot orthosis using proportional myoelectric control.}},
    volume = {23},
    year = {2006}
}

@ARTICLE{Kong2006,
author={Kong, K. and Jeon, D.},
journal={Mechatronics, IEEE/ASME Transactions on},
title={Design and control of an exoskeleton for the elderly and patients},
year={2006},
month={Aug},
volume={11},
number={4},
pages={428-432},}

@ARTICLE{Zoss2006,
author={Zoss, A.B. and Kazerooni, H. and Chu, A.},
journal={Mechatronics, IEEE/ASME Transactions on},
title={Biomechanical design of the Berkeley lower extremity exoskeleton (BLEEX)},
year={2006},
month={April},
volume={11},
number={2},
pages={128-138},}


@article{Kazerooni2006,
 author = {Kazerooni, H. and Steger, R. and Huang, L.},
 title = {Hybrid Control of the Berkeley Lower Extremity Exoskeleton (BLEEX)},
 journal = {Int. J. Rob. Res.},
 volume = {25},
 number = {5-6},
 month = may,
 year = {2006},
 pages = {561--573},
 publisher = {Sage Publications, Inc.},
 address = {Thousand Oaks, CA, USA},
} 

@article{Fleischer2008,
 author = {Fleischer, C. and Hommel, G.},
 title = {A Human--Exoskeleton Interface Utilizing Electromyography},
 journal = {Trans. Rob.},
 volume = {24},
 number = {4},
 month = aug,
 year = {2008},
 pages = {872--882},
 publisher = {IEEE Press},
 address = {Piscataway, NJ, USA}
}

@ARTICLE{Dollar2008,
author={Dollar, A. M. and Herr, H.},
journal={Robotics, IEEE Transactions on}, title={Lower Extremity Exoskeletons and Active Orthoses: Challenges and State-of-the-Art},
year={2008},
volume={24},
number={1},
pages={144-158},}

@article{Ronsse2011,
  author = {Ronsse, R. and Lenzi, T. and Vitiello, N. and Koopman, B. and van Asseldonk, E. and Rossi, S. M. M. De and van den Kieboom, J. and van der Kooij, H. and Carrozza, M. C. and Ijspeert, A. J.},
  journal = {Med. Biol. Engineering and Computing},
  number = 10,
  pages = {1173-1185},
  title = {Oscillator-based assistance of cyclical movements: model-based and model-free approaches.},
  volume = 49,
  year = 2011
}

@ARTICLE{Kiguchi2012,
author={Kiguchi, K. and Hayashi, Y.},
journal={Systems, Man, and Cybernetics, Part B: Cybernetics, IEEE Transactions on},
title={An EMG-Based Control for an Upper-Limb Power-Assist Exoskeleton Robot},
year={2012},
month={Aug},
volume={42},
number={4},
pages={1064-1071},}


@ARTICLE{Gams2013,
author={Gams, A. and Petri\v{c}, T. and Debevec, T. and Babi\v{c}, J.},
journal={Biomedical Engineering, IEEE Transactions on},
title={Effects of Robotic Knee Exoskeleton on Human Energy Expenditure},
year={2013},
volume={60},
number={6},
pages={1636-1644},}

@INPROCEEDINGS{Noda2013,
author={Noda, T. and Furukawa, J. and Teramae, T. and Hyon, S-H. and Morimoto, J.},
booktitle={Robotics and Automation (ICRA), 2013 IEEE International Conference on},
title={An electromyogram based force control coordinated in assistive interaction},
year={2013},
pages={2657-2662},}

@INPROCEEDINGS{Aguirre-Ollinger2013,
author={Aguirre-Ollinger, G.},
booktitle={Intelligent Robots and Systems (IROS), 2013 IEEE/RSJ International Conference on},
title={Learning muscle activation patterns via nonlinear oscillators application to lower-limb assistance},
year={2013},
pages={},}

%prosthesis
@ARTICLE{Farry1996,
author={Farry, K.A. and Walker, I.D. and Baraniuk, R.G.},
journal={Robotics and Automation, IEEE Transactions on},
title={Myoelectric teleoperation of a complex robotic hand},
year={1996},
month={Oct},
volume={12},
number={5},
pages={775-788},}

@ARTICLE{Ajiboye2005,
author={Ajiboye, A.B. and Weir, R.F.},
journal={Neural Systems and Rehabilitation Engineering, IEEE Transactions on},
title={A heuristic fuzzy logic approach to EMG pattern recognition for multifunctional prosthesis control},
year={2005},
month={Sept},
volume={13},
number={3},
pages={280-291},}

@ARTICLE{Jiang2009,
author={Ning Jiang and Englehart, K.B. and Parker, P.A.},
journal={Biomedical Engineering, IEEE Transactions on},
title={Extracting Simultaneous and Proportional Neural Control Information for Multiple-DOF Prostheses From the Surface Electromyographic Signal},
year={2009},
month={April},
volume={56},
number={4},
pages={1070-1080},}


% DMP
@INPROCEEDINGS{Ijspeert2002,
author = {Ijspeert, A. J. and Nakanishi, J. and Schaal, S.},
title = {Learning Rhythmic Movements by Demonstration Using Nonlinear Oscillators},
booktitle = {Intelligent Robots and Systems (IROS), 2002 IEEE/RSJ International Conference on},
year = {2002},
pages = {958--963}
}

% Adaptive oscillator
@article{Righetti2006,
title = "Dynamic Hebbian learning in adaptive frequency oscillators ",
journal = "Physica D: Nonlinear Phenomena ",
volume = "216",
number = "2",
pages = "269 - 281",
year = "2006",
author = "Righetti, L. and Buchli, J. and Ijspeert, A. J.",
}

@article{Buchli2008,
  author = {Buchli, Jonas and Ijspeert, Auke Jan},
  journal = {Auton. Robots},
  number = 4,
  pages = {331-347},
  title = {Self-organized adaptive legged locomotion in a compliant quadruped robot.},
  volume = 25,
  year = 2008
}

@article{Petric2011a,
author = {Petri\v{c}, T. and Gams, A. and Ijspeert, A. J. and \v{Z}lajpah, L.},
title = {On-line frequency adaptation and movement imitation for rhythmic robotic tasks},
journal = {The International Journal of Robotics Research},
volume = {30},
number = {14},
pages = {1775-1788},
year = {2011},
}

@INPROCEEDINGS{Petric2011b,
author={Petri\v{c}, T. and Gams, A. and Tomsi\v{c}, M. and \v{Z}lajpah, L.},
booktitle={Robotics and Automation (ICRA), 2011 IEEE International Conference on}, title={Control of rhythmic robotic movements through synchronization with human muscle activity},
year={2011},
month={may},
volume={},
number={},
pages={2172 -2177},}

@incollection {Gams2012,
BOOKTITLE = {The future of humanoid robots - research and
applications},
TITLE = {Performing periodic tasks : on-line learning, adaptation and
synchronization with external signals},
AUTHOR = {Gams, A. and Petric, T. and Ude, A. and Zlajpah, L.},
EDITOR = {Zaier, R.},
PAGES = {1-28},
YEAR = {2012},
PUBLISHER = {InTech},
}



% high-level

@INPROCEEDINGS{Nicolescu2003,
    author = {Monica N. Nicolescu and Maja J. Mataric},
    title = {Natural Methods for Robot Task Learning: Instructive Demonstrations, Generalization and Practice},
    booktitle = {In Proceedings of the Second International Joint Conference on Autonomous Agents and Multi-Agent Systems},
    year = {2003},
    pages = {241--248}
}

@INPROCEEDINGS{Lockerd2004,
author={Lockerd, A. and Breazeal, C.},
booktitle={Intelligent Robots and Systems (IROS), 2004 IEEE/RSJ International Conference on},
title={Tutelage and socially guided robot learning},
year={2004},
volume={4},
pages={3475--3480},
month={Sept},}

@INPROCEEDINGS{Argall2007,
author={Argall, B. and Browning, B. and Veloso, M.},
booktitle={Human-Robot Interaction (HRI), 2007 2nd ACM/IEEE International Conference on},
title={Learning by demonstration with critique from a human teacher},
year={2007},
pages={57--64},
month={March},}




@article {Omalley2006,
	title = {Shared control in haptic systems for performance enhancement and training},
	journal = {Journal of Dynamic Systems, Measurement and Control, Transactions of the ASME},
	volume = {128},
	number = {1},
	year = {2006},
	pages = {75 - 85},
	chapter = {75},
	author = {O{\textquoteright}Malley, M.K. and Abhishek Gupta and Gen, Matthew and Yanfang Li}
}

@inproceedings{Dragan2012,
  author = {Dragan, Anca D. and Srinivasa, Siddhartha S.},
  booktitle = {Robotics: Science and Systems},
  title = {Formalizing Assistive Teleoperation.},
  pages = {73 - 80},
  month = {July},
  year = {2012}
}

@article{Dragan2013,
 author = {Dragan, Anca D and Srinivasa, Siddhartha S},
 title = {A Policy-blending Formalism for Shared Control},
 journal = {Int. J. Rob. Res.},
 volume = {32},
 number = {7},
 month = Jun,
 year = {2013},
 pages = {790--805},
} 

@INPROCEEDINGS{Argall2013,
  author       = {Argall, B.},
  title        = {Workshop: Machine   Learning   for   Shared   Control   with   Assistive   Machines},
  booktitle = {Robotics and Automation (ICRA), 2013 IEEE International Conference on},
  month      = {May},
  year         = {2013},
}

@INPROCEEDINGS{Jain2015,
author={Jain, S. and Farshchiansadegh, A. and Broad, A. and Abdollahi, F. and Mussa-Ivaldi, F. and Argall, B.},
booktitle={Rehabilitation Robotics (ICORR), 2015 IEEE International Conference on},
title={Assistive robotic manipulation through shared autonomy and a Body-Machine Interface},
year={2015},
pages={526-531},
month={Aug},}









@INPROCEEDINGS{Linde2002,
    author = {Van Der Linde, R. Q. and Lammertse, P. and Frederiksen, E. and Ruiter, B.},
    title = {The HapticMaster, a new high-performance haptic interface},
    booktitle = {Proc. of Eurohaptics 2002},
    year = {2002},
     pages = {1--5},
}







@INPROCEEDINGS{Ewerton2015,
author={M. Ewerton and G. Neumann and R. Lioutikov and H. Ben Amor and J. Peters and G. Maeda},
booktitle={Robotics and Automation (ICRA), 2015 IEEE International Conference on},
title={Learning multiple collaborative tasks with a mixture of Interaction Primitives},
year={2015},
pages={1535-1542},
month={May},}
