@inproceedings{lober_IROS2015,
	author = "Lober, R. and Padois, V. and Sigaud, O.",
	title = "Variance Modulated Task Prioritization in Whole-Body Control",
	year = 2015,
	booktitle = "Proceedings of the IEEE/RSJ International Conference on Intelligent Robots and Systems",
	pages = "3944-3949",
	month = "Sep",
	address = "Hamburg, Germany",
	http = "https://hal.archives-ouvertes.fr/hal-01180011/en",
	doi = "10.1109/IROS.2015.7353932"
}

@incollection{lober-HUMANOIDS2014,
	address = "Madrid, Spain",
	author = "Lober, R. and Padois, V. and Sigaud, O.",
	booktitle = "Proceedings of the IEEE-RAS International Conference on Humanoid Robots (Humanoids)",
	date-added = "2015-02-16 10:51:46 +0000",
	date-modified = "2015-02-16 10:51:46 +0000",
	http = "http://hal.archives-ouvertes.fr/hal-01116139/en",
	month = "",
	title = "Multiple Task Optimization using Dynamical Movement Primitives for Whole-Body Reactive Control",
	year = 2014
}

@inproceedings{Modugno_PICRA_2016,
	author = "Modugno, V. and Neumann, G. and Rueckert, E. and Oriolo, G. and Peters, J. and Ivaldi, S.",
	booktitle = "Proceedings of the International Conference on Robotics and Automation (ICRA)",
	date-added = "2016-02-17 09:00:16 +0000",
	date-modified = "2016-02-17 09:00:16 +0000",
	key = "codyco",
	title = "Learning soft task priorities for control of redundant robots",
	year = 2016
}

@misc{Paraschos_2017,
	author = "Paraschos, A. and Peters, J. and Neumann, G.",
	note = "under review",
	title = "Probabilistic Prioritization of Movement Primitives",
	year = 2017
}

@inproceedings{modugno2016learning,
  title={Learning soft task priorities for safe control of humanoid robots with constrained stochastic optimization},
  author={Modugno, Valerio and Chervet, Ugo and Oriolo, Giuseppe and Ivaldi, Serena},
  booktitle={Humanoid Robots (Humanoids), 2016 IEEE-RAS 16th International Conference on},
  pages={101--108},
  year={2016},
  organization={IEEE}
}

@article{lober2017RAL-IROS,
author = {Lober, R and Padois, V. and Sigaud, O.},
title = {Task compatibility optimization},
journal = {IEEE Robotics and Automation Letters},
year = {2017},
note = {Submitted}
}