% This file was created with JabRef 2.6.
% Encoding: Cp1252

@ARTICLE{Hollins2000,
  author = {Hollins, Mark and Risner, S. Ryan},
  title = {Evidence for the duplex theory of tactile texture perception},
  journal = {Perception {\&} Psychophysics},
  year = {2000},
  volume = {62},
  pages = {695--705},
  number = {4},
  doi = {10.3758/BF03206916},
  issn = {1532-5962},
  url = {http://dx.doi.org/10.3758/BF03206916}
}

@ARTICLE{roberts2013,
  author = {Roberts, Roberta D},
  title = {Roughness perception across the hands},
  journal = {Attention, Perception, \& Psychophysics},
  year = {2013},
  volume = {75},
  pages = {1306--1317},
  number = {6},
   publisher = {Springer},
  timestamp = {2017.02.27}
}

@ARTICLE{roberts2010,
  author = {Roberts, Roberta D and Humphreys, Glyn W},
  title = {The role of somatotopy and body posture in the integration of texture
	across the fingers},
  journal = {Psychological Science},
  year = {2010},
   publisher = {SAGE Publications},
  timestamp = {2017.02.27}
}

@ARTICLE{yau2014,
  author = {Yau, Jeffrey M and Celnik, Pablo and Hsiao, Steven S and Desmond,
	John E},
  title = {Feeling Better Separate Pathways for Targeted Enhancement of Spatial
	and Temporal Touch},
  journal = {Psychological science},
  year = {2014},
  pages = {0956797613511467},
    publisher = {Sage Publications},
  timestamp = {2017.02.27}
}

