@inproceedings{Fiorio2014,
	author = "Carlo Ciliberto and Luca Fiorio and Marco Maggiali and Lorenzo Natale and Lorenzo Rosasco and Giorgio Metta and Giulio Sandini and Francesco Nori",
	title = "Exploiting global force torque measurements for local compliance estimation in tactile arrays",
	booktitle = "Submitted to IEEE/RSJ International Conference on Intelligent Robots and Systems (IROS 2014)",
	year = 2014,
	address = "Chicago, Illinois"
}

@inproceedings{Traversaro2014,
	author = "Silvio Traversaro and Andrea Del Prete and Serena Ivaldi and Francesco Nori",
	title = "Avoiding to rely on Inertial Parameters in Estimating Joint Torques with proximal F/T sensing",
	booktitle = "Submitted to IEEE/RSJ International Conference on Intelligent Robots and Systems (IROS 2014)",
	year = 2014,
	address = "Chicago, Illinois"
}

@inproceedings{Traversaro2013,
	author = "Traversaro, Silvio and {Del Prete}, Andrea and Muradore, Riccardo and Natale, Lorenzo and Nori, Francesco",
	title = "{Inertial Parameter Identification Including Friction and Motor Dynamics}",
	booktitle = "Humanoid Robots, 13th IEEE-RAS International Conference on",
	year = 2013,
	address = "Atlanta, USA",
	month = "October",
	url = "http://www.humanoids2013.com/"
}

@misc{Mingo2014,
	Author = {Enrico Mingo Hoffman and Silvio Traversaro and Alessio Rocchi and Mirko Ferrati and Alessandro Settimi and Lorenzo  Natale and Antonio Bicchi and Francesco Nori and Nikos Tsagarakis},
	Date-Added = {2014-04-15 08:08:35 +0000},
	Date-Modified = {2014-04-15 08:10:29 +0000},
	Howpublished = {Modelling and Simulation for Autonomous Systems Workshop (MESAS 2014).},
	Month = {March},
	Title = {A {Y}{A}{R}{P} based plugin for Gazebo simulator},
	Year = {2014}
}

@article{latella2016whole,
  title={Whole-Body Human Inverse Dynamics with Distributed Micro-Accelerometers, Gyros and Force Sensing},
  author={Latella, Claudia and Kuppuswamy, Naveen and Romano, Francesco and Traversaro, Silvio and Nori, Francesco},
  journal={Sensors},
  volume={16},
  number={5},
  pages={727},
  year={2016},
  publisher={Multidisciplinary Digital Publishing Institute}
}

@inproceedings{nori2015simultaneous,
  title={Simultaneous state and dynamics estimation in articulated structures},
  author={Nori, Francesco and Kuppuswamy, Naveen and Traversaro, Silvio},
  booktitle={Intelligent Robots and Systems (IROS), 2015 IEEE/RSJ International Conference on},
  pages={3380--3386},
  year={2015},
  organization={IEEE}
}

@article{romano2017whole,
  title={A Whole-Body Software Abstraction layer for Control Design of free-floating Mechanical Systems},
  author={Romano, Francesco and Traversaro, Silvio and Pucci, Daniele and Eljaik, Jorhabib and Del Prete, Andrea and Nori, Francesco},
  journal={First IEEE International Conference on Robotic Computing},
  year={2017}
}

@phdthesis{ibanez2015Emergence,
  TITLE = {{Emergence of complex behaviors from coordinated predictive control in humanoid robotics}},
  AUTHOR = {Ibanez, Aur{\'e}lien},
  URL = {http://hal.upmc.fr/tel-01308723},
  SCHOOL = {{Universit{\'e} Pierre et Marie Curie Paris VI}},
  YEAR = {2015},
  MONTH = Sep
}