%% This BibTeX bibliography file was created using BibDesk.
%% http://bibdesk.sourceforge.net/


%% Created for Francesco Nori at 2017-03-06 11:57:14 +0100 


%% Saved with string encoding Unicode (UTF-8) 

