@inproceedings{AICOHumanoidsFinal,
  author =		 "Rueckert, E. and  Mindt, M. and  Peters, J. and  Neumann, G.",
  year =		 "2014",
  title =		 "Robust Policy Updates for Stochastic Optimal Control",
  journal =		 "Proceedings of the International Conference on Humanoid Robots (HUMANOIDS)",
  key =			 "codyco",
  URL =			 "http://www.ias.informatik.tu-darmstadt.de/uploads/Site/EditPublication/AICOHumanoidsFinal.pdf",
  crossref =		 "p10768"
}

@inproceedings{Paraschos_IROS_2015,
  author =		 "Paraschos, A. and  Rueckert, E. and  Peters, J and  Neumann, G.",
  year =		 "2015",
  title =		 "Model-Free Probabilistic Movement Primitives for Physical Interaction",
  journal =		 "Proceedings of the IEEE/RSJ Conference on Intelligent Robots and Systems (IROS)",
  key =			 "codyco",
  URL =			 "http://www.ausy.tu-darmstadt.de/uploads/Team/PubAlexParaschos/Paraschos_IROS_2015.pdf",
  crossref =		 "p10832"
}

@article{Rueckert_SR_2016,
  author =		 "Rueckert, E. and  Kappel, D. and  Tanneberg, D. and  Pecevski, D and  Peters, J. ",
  year =		 "2016",
  title =		 "Recurrent Spiking Networks Solve Planning Tasks",
  journal =		 "Scientific Reports",
  key =			 "3rdhand, codyco",
  publisher =		 "nature publishing group",
  crossref =		 "p10897"
}