@INPROCEEDINGS{baxter97,
    author = {Jonathan Baxter},
    title = {A Bayesian/information theoretic model of learning to learn via multiple task sampling},
    booktitle = {Machine Learning},
    year = {1997},
    pages = {7--39}
}

@ARTICLE{baxter00,
    author = {Jonathan Baxter},
    title = {A Model of Inductive Bias Learning},
    journal = {Journal of Artificial Intelligence Research},
    year = {2000},
    volume = {12},
    pages = {149--198}
}

@INPROCEEDINGS{ruvolo14,
  author = {Paul Ruvolo and Eric Eaton},
  title = {Online Multi-Task Learning via Sparse Dictionary Optimization},
  booktitle = {Twenty-Eighth AAAI Conference on Artificial Intelligence (AAAI-14)},
  year = {2014},
  month = {July}
}


@inproceedings{romera13,
  title={Multilinear multitask learning},
  author={Romera-Paredes, B. and Aung, H. and Bianchi-Berthouze, N. and Pontil, M. },
  booktitle={Proc. Int. Conf. on Machine Learning},
  year={2013}
}



@MISC{caruana97,
    author = {Rich Caruana},
    title = {Multitask Learning},
    year = {1997}
}

@INPROCEEDINGS{argyriou07,
    author = {Andreas Argyriou and Theodoros Evgeniou and Massimiliano Pontil and Andreas Argyriou and Theodoros Evgeniou and Massimiliano Pontil},
    title = {Convex multi-task feature learning},
    booktitle = {Machine Learning},
    year = {2007},
    publisher = {press}
}

@INPROCEEDINGS{gupta13,
    author = {Sunil Kumar Gupta and Dinh Phung and Svetha Venkatesh},
    title = {Factorial Multi-Task Learning : A Bayesian Nonparametric Approach},
    booktitle = {Proceedings of the 30th International Conference on Machine Learning},
    year = {2013},
    month = {June}
}

@ARTICLE{xue07,
    author = {Ya Xue and Xuejun Liao and Lawrence Carin and Balaji Krishnapuram},
    title = {Multi-task learning for classification with dirichlet process priors},
    journal = {Journal of Machine Learning Research},
    year = {2007},
    volume = {8},
    pages = {2007}
}


@inproceedings{rai10,
  title={Infinite predictor subspace models for multitask learning},
  author={Rai, P. and Daume, H.},
  booktitle={Int. Conf. on Artificial Intelligence and Statistics},
  year={2010}
}

@MISC{zhou11,
    author = {Jiayu Zhou and Lei Yuan and Jun Liu and Jieping Ye},
    title = {A Multi-Task Learning Formulation for Predicting Disease Progression},
    year = {2011}
}

@INPROCEEDINGS{yuan10,
    author = {Xiao-Tong Yuan and Shuicheng Yan},
    title = {Visual classification with multi-task joint sparse representation},
    booktitle = {IEEE Conference on computer Vision and Pattern Recognition (CVPR)},
    pages = {3493 - 3500},
    year = {2010},
    month = {June}
}

@INPROCEEDINGS{taylor14,
    author = {Terrance Devries and Kumar Biswaranjan and Graham W. Taylor},
    title = {Multi-task Learning of Facial Landmarks and Expression},
    booktitle = {Canadian Conference on Computer and Robot Vision (CRV)},
    pages = {98 - 103},
    year = {2014},
    month = {May}
}
@INPROCEEDINGS{deisenroth14,
    author = {Marc P. Deisenroth and Peter Englert and Jan Peters and Dieter Fox},
    title = {Multi-Task Policy Search for Robotics},
    booktitle = {Proceedings of the IEEE International Conference on Robotics and Automation (ICRA)},
    year = {2014}
}
@INPROCEEDINGS{chai08,
    author = {Kian Ming A. Chai and Christopher K. I. Williams and Stefan Klanke and Sethu Vijayakumar},
    title = {Multi-task Gaussian Process Learning of Robot Inverse Dynamics},
    booktitle = {Proceedings of the Twenty-Second Annual Conference on Neural Information Processing Systems},
    year = {2008},
    month = {December}
}
@book{bishop06,
  author = {Christopher M. Bishop},
  title = {Pattern Recognition and Machine Learning},
  publisher = {Springer},
  address = {New York, USA},
  year = {2006}
}
@INPROCEEDINGS{lawrence07,
    author = {Neil D. Lawrence},
    title = {Hierarchical Gaussian process latent variable models},
    booktitle = {In International Conference in Machine Learning},
    year = {2007}
}
@INPROCEEDINGS{evgeniou04,
    author = {Theodoros Evgeniou and Massimiliano Pontil},
    title = {Regularized multi-task learning},
    booktitle = {Proceedings of the tenth ACM SIGKDD international conference on Knowledge discovery and data mining},
    year = {2004},
}
@INPROCEEDINGS{yu05,
    author = {Kai Yu and Voker Tresp and Anton Schwaighofer},
    title = {Learning Gaussian processes from multiple tasks},
    booktitle = {ICML '05 Proceedings of the 22nd international conference on Machine learning },
    year = {2005},
    pages = {1012 - 1019}
}
@INPROCEEDINGS{lazaric10,
    author = {Alessandro Lazaric and Mohammad Ghavamzadeh},
    title = {Bayesian Multi-Task Reinforcement Learning},
    booktitle = {ICML '10 Proceedings of the 27th international conference on Machine Learning},
    year = {2010}
}
@INPROCEEDINGS{daume09,
    author = {Hal Daume},
    title = {Bayesian multitask learning with latent hierarchies},
    booktitle = {Proc. Conf. on Uncertainty in Artificial Intelligence},
    year = {2009},
}
@INPROCEEDINGS{daume12,
    author = {Abhishek Kumar and Hal Daume},
    title = {Learning Task Grouping and Overlap in Multi-Task Learning},
    booktitle = {Proceedings of the 29th international conference on Machine Learning},
    year = {2012}
}
@INPROCEEDINGS{passos12,
    author = {Alexandre Passos and Piyush Rai and Jacques Wainer and Hal Daume},
    title = {Flexible modeling of latent task structures in multitask learning},
    booktitle = {In Proceedings of International Conference on Machine Learning},
    year = {2012}
}
@article{Lampert2012,
  author =       "Lampert, C.H. and  Peters, J.",
  year =         "2012",
  title =        "Real-Time Detection of Colored Objects In Multiple Camera Streams With Off-the-Shelf Hardware Components",
  journal=       "Journal of Real-Time Image Processing",
}

@article{forte2012line,
  title={On-line motion synthesis and adaptation using a trajectory database},
  author={Forte, Denis and Gams, Andrej and Morimoto, Jun and Ude, Ale{\v{s}}},
  journal={Robotics and Autonomous Systems},
  volume={60},
  number={10},
  pages={1327--1339},
  year={2012},
  publisher={Elsevier}
}
